1727 2734
178 148 236 187 44
732 150 800 180 ΝΟ
810 151 865 180 VA
876 150 1022 181 TlANJ
1473 148 1581 188 [XIII

180 256 349 294 sponsus
370 244 421 281 ad
441 255 612 289 carnem,
637 250 679 281 ut
700 256 768 293 per
792 243 919 281 carnis
942 244 1255 294 assumptionem
1283 243 1385 282 filius
1411 243 1583 282 hominis

180 309 273 347 illuc
302 316 437 358 posset
465 309 691 354 ascendere,
729 310 836 347 unde
871 309 935 347 dei
970 309 1072 347 filius
1111 309 1277 348 uerbum
1311 309 1582 354 descenderat,

182 374 333 420 merito,
365 374 462 411 dum
502 386 571 423 per
609 373 869 412 conexionem
911 382 1088 412 mutuam
1124 382 1163 413 et
1193 387 1285 412 caro
1319 375 1485 413 uerbum
1519 372 1585 411 dei

181 438 279 489 gerit
299 446 337 477 et
358 438 460 476 filius
481 438 546 476 dei
566 438 812 488 fragilitatem
833 439 961 477 carnis
984 440 1158 486 assumit,
1181 453 1271 478 cum
1297 453 1443 490 sponsa
1468 451 1585 477 earne

141 516 160 553 5
182 505 458 543 conscendens
492 503 596 550 illuc,
630 505 737 542 unde
772 504 856 543 sine
885 518 1002 544 carne
1033 506 1304 551 descenderat,
1339 504 1476 554 recipit
1506 503 1585 542 iam

182 569 399 608 claritatem
419 569 537 617 illam,
561 582 680 619 quam
702 570 798 608 dum
819 578 911 608 ante
932 570 1071 609 mundi
1091 570 1379 609 institutionem
1399 568 1586 608 habuisse

184 633 416 679 ostenditur,
439 634 537 672 deus
559 633 877 672 manifestissime
904 635 1197 685 comprobatur.
1256 642 1295 673 et
1315 633 1584 681 nihilominus,

185 702 280 739 dum
316 700 489 738 mundus
525 701 608 749 ipse
643 708 733 750 post
767 700 878 738 illum
913 700 1114 738 institutus
1148 702 1321 744 refertur,
1354 712 1424 748 per
1456 698 1586 748 ipsum

185 773 337 804 creatus
366 778 451 803 esse
482 765 670 815 reperitur
678 778 688 810 3
718 778 798 815 quo
825 765 912 815 ipso
939 765 1158 804 diuinitatis
1184 765 1224 803 in
1249 765 1346 816 ipso,
1372 778 1441 815 per
1467 776 1586 813 quem

120 844 165 869 10
186 831 311 868 factus
331 838 389 867 est
410 830 595 876 mundus,
619 836 657 867 et
678 829 830 866 claritas
852 837 890 867 et
910 829 1121 867 auctoritas
1142 830 1433 880 comprobetur.

265 894 387 942 Quod
404 893 446 940 si,
464 907 554 931 cum
573 894 717 931 nullius
732 894 780 931 sit
796 893 871 932 nisi
887 893 952 932 dei
965 893 1095 932 cordis
1110 906 1226 932 nosse
1239 892 1588 941 secreta,Christus

185 967 335 998 secreta
368 958 563 1008 conspicit
597 958 744 997 cordis:
785 960 894 1008 quod
934 959 976 1004 si,
1017 972 1108 996 cum
1144 958 1288 996 nullius
1320 958 1369 996 sit
1416 957 1490 995 nisi
1524 957 1590 996 dei

186 1033 350 1076 peccata
370 1024 578 1071 dimittere,
597 1023 703 1062 idem
722 1024 901 1063 Christus
923 1032 1085 1074 peccata
1101 1024 1279 1062 dimittit:
1308 1025 1416 1074 quod
1437 1023 1479 1070 si,
1497 1036 1589 1061 cum

188 1089 331 1127 nullius
349 1089 397 1127 sit
414 1088 588 1127 hominis
605 1089 654 1126 de
668 1090 779 1127 caelo
795 1089 941 1135 uenire,
957 1090 1007 1127 de
1021 1090 1131 1127 caelo
1147 1090 1347 1127 ueniendo
1363 1087 1588 1127 descendit:

121 1165 164 1202 15
187 1156 296 1205 quod
317 1154 359 1200 si,
383 1167 474 1192 cum
496 1153 641 1191 nullius
669 1154 840 1192 hominis
866 1155 962 1192 haec
984 1167 1060 1192 uox
1080 1167 1166 1192 esse
1186 1154 1320 1204 possit,
1342 1167 1403 1202 ego
1426 1159 1460 1190 et
1473 1158 1593 1202 pater

188 1233 306 1256 unum
336 1232 478 1265 sumus,
512 1220 613 1256 hanc
644 1231 785 1257 uocem
817 1220 868 1257 de
895 1218 1138 1257 conscientia
1165 1218 1382 1257 diuinitatis
1410 1218 1590 1258 Christus

188 1286 294 1323 solus
315 1283 434 1322 edicit
452 1299 457 1321 :
489 1285 598 1333 quod
620 1285 650 1321 si
672 1292 873 1333 postremo
894 1284 1080 1322 omnibus
1101 1283 1319 1322 diuinitatis
1340 1283 1485 1323 Christi
1506 1295 1592 1333 pro-

189 1349 416 1388 bationibus
446 1357 484 1387 et
513 1349 630 1387 rebus
660 1349 872 1387 instructus
901 1351 1105 1399 apostolus
1131 1351 1320 1394 Thomas,
1347 1349 1592 1398 respondens

189 1415 349 1455 Christo
369 1416 545 1452 dominns
571 1428 674 1452 meus
699 1421 734 1452 el
757 1416 847 1453 deus
873 1429 974 1453 meus
995 1415 1107 1453 dicit:
1138 1416 1247 1465 quod
1274 1415 1305 1452 si
1332 1423 1370 1453 et
1389 1415 1592 1464 apostolus

123 1489 169 1514 20
194 1481 348 1525 Paulus,
377 1492 552 1528 quorum,
575 1478 712 1528 inquit,
732 1485 870 1528 patres
894 1485 929 1516 et
950 1493 997 1516 ex
1022 1480 1158 1528 quibus
1189 1480 1367 1518 Christus
1391 1479 1592 1516 secundum

189 1558 353 1589 carnem,
379 1545 450 1593 qni
471 1550 526 1581 est
552 1551 667 1593 super
692 1545 821 1581 omnia
852 1545 942 1582 deus
969 1545 1176 1582 benedictus
1200 1545 1240 1581 in
1267 1545 1425 1588 saecula,
1447 1544 1486 1581 in
1513 1543 1593 1581 suis

191 1610 327 1649 litteris
349 1609 499 1648 scribit:
529 1610 638 1659 quod
660 1611 690 1647 si
711 1609 817 1648 idem
840 1624 880 1648 se
897 1611 1108 1659 apostolum
1124 1622 1198 1646 non
1218 1611 1265 1646 ab
1284 1610 1511 1655 hominibus,
1525 1614 1598 1646 aut

181 1683 258 1725 per
267 1677 467 1721 hominem,
482 1676 547 1712 sed
555 1682 632 1724 per
644 1677 771 1713 lesum
791 1676 989 1714 Christum
1006 1675 1264 1713 constitutum
1279 1688 1363 1713 esse
1379 1674 1594 1724 depromit:

192 1742 302 1791 quod
336 1741 366 1778 si
401 1740 508 1779 idem
541 1741 790 1790 euangelium
822 1754 902 1779 non
933 1754 974 1779 se
1003 1742 1050 1778 ab
1081 1741 1296 1778 hominibus
1324 1742 1494 1778 didicisse
1527 1745 1599 1777 aut

125 1816 171 1855 25
182 1813 260 1855 per
295 1807 494 1852 hominem,
529 1808 595 1843 sed
618 1813 694 1855 per
730 1808 855 1843 lesum
893 1807 1090 1845 Christum
1128 1806 1328 1856 accepisse
1367 1806 1595 1845 contendit:

194 1872 333 1911 merito
354 1873 453 1910 deus
473 1880 531 1910 est
553 1871 744 1910 Christus.

195 2009 264 2040 Son
281 2008 318 2039 os
336 2009 424 2044 (jod,
447 2009 502 2039 the
528 2009 766 2040 XVord-since
786 2010 828 2049 by
844 2020 862 2039 a
932 2010 954 2040 it
980 2010 1005 2040 is
1029 2010 1220 2050 interesting
1243 2016 1276 2040 to
1301 2009 1367 2040 find
1392 2010 1447 2041 the
1471 2010 1598 2050 Synop-

193 2052 318 2083 mutual
341 2062 442 2083 nexus
464 2052 544 2082 flesh
563 2063 665 2083 wears
685 2052 739 2083 the
760 2053 862 2083 word
932 2053 1002 2083 tists
1042 2053 1251 2094 represented
1290 2064 1325 2083 as
1359 2054 1432 2084 well
1471 2064 1506 2083 as
1544 2053 1599 2084 the

194 2096 231 2126 of
243 2096 330 2132 God,
345 2095 408 2125 and
423 2095 478 2126 the
492 2096 559 2126 Son
577 2096 614 2126 of
627 2097 701 2126 (jod
720 2106 864 2126 assumes
933 2097 1058 2127 Fourth
1084 2097 1219 2138 Gospel.
1271 2097 1299 2127 It
1324 2097 1351 2127 is
1378 2102 1448 2127 true
1472 2097 1543 2127 that
1566 2096 1599 2127 in

194 2139 267 2169 srail
287 2139 593 2180 flesh—ascending
610 2139 687 2170 with
707 2139 760 2170 the
782 2139 861 2170 flesh
935 2141 1032 2170 Rom.
1053 2140 1083 2170 ix
1103 2151 1119 2179 5
1137 2151 1227 2170 some
1246 2140 1384 2170 modern
1400 2145 1599 2171 commenta-

195 2182 303 2212 which
325 2182 378 2213 He
394 2182 458 2213 had
477 2183 615 2213 wedded
634 2188 667 2213 to
685 2183 755 2213 that
769 2183 862 2223 place
932 2189 998 2213 tors
1026 2184 1143 2214 render
1169 2183 1224 2213 the
1248 2193 1384 2224 passage
1415 2183 1599 2214 otherwise.

195 2226 330 2256 whence
359 2225 497 2256 without
527 2226 607 2256 flesh
637 2226 691 2256 He
719 2226 783 2256 had
808 2226 863 2257 de·
935 2227 997 2257 But
1015 2237 1068 2257 see
1086 2226 1141 2257 the
1157 2226 1409 2257 commentaries
1422 2226 1459 2256 of
1472 2226 1601 2257 Gifford

194 2268 348 2306 scended,
366 2268 403 2299 of
412 2269 572 2310 necessity
587 2270 640 2300 He
654 2280 797 2300 resumes
809 2269 864 2300 the
935 2281 970 2300 or
995 2269 1033 2299 of
1053 2270 1187 2310 Sanday
1204 2269 1268 2300 and
1297 2270 1461 2300 Headlam
1484 2270 1531 2300 ad
1544 2271 1599 2300 loc.

195 2311 314 2352 glory,’
328 2319 388 2343 etc.
440 2313 505 2343 For
527 2313 674 2343 ‘merito’
693 2312 731 2343 of
746 2312 864 2353 logical
935 2313 999 2343 and
1013 2313 1082 2344 also
1101 2313 1307 2353 Illingworth
1325 2314 1483 2343 Doctrine
1498 2312 1537 2354 qs
1550 2313 1602 2343 tlte

195 2366 421 2396 consequence
438 2366 489 2396 cp.
510 2367 541 2397 p.
563 2365 614 2395 45.
635 2366 652 2396 3
680 2357 817 2386 ‘merito
834 2361 865 2386 et
942 2357 1072 2396 Trz'm'ly
1096 2367 1127 2397 p.
1146 2366 1196 2395 45.
1248 2356 1320 2386 The
1345 2356 1524 2387 references
1547 2367 1602 2387 are

197 2399 277 2429 deus
294 2397 367 2429 est!
935 2410 970 2430 as
983 2399 1127 2430 follows:
1144 2400 1191 2429 for
1205 2399 1286 2429 lines
1304 2398 1551 2433 11—16.Matt.
1571 2400 1602 2430 ix

245 2452 293 2481 13.
340 2444 432 2478 quod
454 2444 494 2477 si,
513 2450 590 2472 cum
609 2444 742 2473 numus
761 2443 867 2481 sit...]
936 2456 966 2482 4,
985 2443 1073 2483 John
1092 2443 1112 2472 ii
1132 2452 1181 2481 25,
1204 2442 1301 2472 Mark
1315 2442 1336 2472 ii
1352 2453 1381 2481 5,
1396 2442 1485 2483 John
1500 2443 1533 2474 iii
1552 2453 1599 2482 13,

198 2485 252 2515 An
264 2485 423 2515 excellent
434 2485 589 2515 selection
604 2485 640 2515 of
654 2486 742 2516 N.T.
757 2485 868 2526 prooss
933 2486 1021 2527 John
1039 2498 1057 2516 x
1076 2496 1134 2525 303
1170 2485 1219 2516 for
1242 2485 1323 2516 lines
1352 2495 1486 2527 19—25„
1514 2486 1603 2527 John

198 2528 303 2558 ofour
315 2527 430 2558 Lord’s
440 2528 608 2569 Divinity;
627 2539 748 2569 among
760 2529 866 2560 which
937 2541 977 2559 xx
997 2531 1046 2566 28,
1077 2530 1174 2559 Rom.
1192 2529 1221 2559 ix
1242 2538 1271 2568 5,
1289 2529 1364 2559 Gal.
1383 2529 1391 2559 i
1415 2540 1440 2566 1,
1465 2540 1512 2560 12.
