1727 2734
100 144 213 184 XXX]
516 144 588 174 DE
624 142 904 174 TA'JNJTATE
934 142 1088 172 LIBER
1427 141 1502 180 113

100 237 318 276 uideantur.
379 237 445 287 qui
473 245 605 276 autem
641 236 843 275 hominem
874 235 1154 273 tantummodo
1186 234 1388 274 Christum
1419 248 1505 274 esse

100 304 360 350 contendunt,
389 316 435 341 ex
466 302 624 340 diuerso
655 301 709 340 sic
739 300 952 350 colligunt:
983 299 1014 337 si
1044 300 1140 338 alter
1170 307 1290 350 pater,
1322 300 1419 338 alter
1447 308 1505 338 est

102 367 214 414 filius,
256 375 367 418 pater
399 375 532 406 autem
568 368 677 413 deus,
715 374 753 404 et
792 364 974 404 Christus
1008 365 1118 411 deus,
1160 377 1241 403 non
1277 377 1368 414 ergo
1403 354 1505 402 unus

101 435 210 480 deus,
234 433 304 471 sed
334 433 415 470 duo
446 432 499 470 dii
530 432 835 470 introducuntur
858 430 1012 480 pariter,
1042 438 1150 480 pater
1177 438 1215 468 et
1246 430 1371 477 filius;
1401 443 1447 468 ac
1475 429 1505 468 si

102 511 205 536 unus
237 499 346 542 deus,
379 506 670 548 consequenter
699 498 822 535 homo
855 495 1046 541 Christus,
1077 503 1118 533 ut
1147 496 1286 534 merito
1319 505 1429 546 pater
1458 496 1506 534 sit
1528 507 1546 544 5

102 564 200 601 deus
222 576 334 601 unus.
395 577 434 601 re
456 576 548 602 uera
575 564 686 612 quasi
714 562 814 600 inter
841 562 941 600 duos
963 562 1135 600 latrones
1162 562 1268 600 cruci
1291 562 1419 612 figitur
1440 563 1508 600 do-

102 627 244 675 minus,
273 641 353 678 quo
382 629 504 666 modo
534 629 632 666 fixus
662 627 877 676 aliquando
908 634 988 664 est:
1024 634 1062 664 et
1092 625 1145 664 ita
1174 626 1316 676 excipit
1347 626 1508 664 haereti-

102 706 237 731 corum
259 693 423 732 istorum
445 708 490 732 ex
512 702 680 742 utroque
700 694 819 730 latere
840 691 1026 741 sacrilega
1046 692 1238 730 conuicia.

183 760 261 797 Sed
291 772 421 808 neque
451 758 664 808 scripturae
694 765 862 804 sanctae,
894 770 1024 807 neque
1056 771 1127 795 nos
1155 771 1293 795 causas
1327 757 1400 795 illis
1428 771 1509 808 per-

102 823 263 862 ditionis
298 833 335 862 et
369 823 570 863 caecitatis
609 822 818 869 afferimus,
855 822 887 861 si
925 836 1003 872 qua
1041 822 1081 860 in
1117 822 1250 861 medio
1285 822 1508 860 diuinarum

101 889 316 928 litterarum
347 892 552 929 euidenter
581 888 709 940 posita
735 896 802 926 aut
827 888 961 927 uidere
988 890 1140 935 nolunt,
1169 896 1236 926 aut
1264 888 1399 926 uidere
1429 901 1508 926 non

102 963 279 1003 possunt.
332 969 404 993 nos
425 955 531 993 enim
549 964 586 993 et
602 955 748 993 scimus
765 962 803 993 et
819 954 984 1004 legimus
1001 962 1039 992 et
1055 953 1252 992 credimus
1270 961 1307 991 et
1328 960 1510 991 tenemus

103 1033 227 1057 unum
249 1034 335 1058 esse
362 1022 494 1066 deum,
518 1020 585 1070 qui
610 1022 701 1058 fecit
728 1021 881 1058 caelum
907 1019 1049 1069 pariter
1072 1031 1118 1056 ac
1143 1026 1294 1064 terram,
1320 1017 1509 1068 quoniam

102 1097 176 1122 nec
210 1087 375 1122 alterum
407 1085 593 1123 nouimus
631 1092 699 1123 aut
737 1098 855 1123 nosse
889 1085 995 1133 (curn
1033 1084 1162 1120 nullus
1195 1082 1259 1131 sit)
1295 1082 1511 1133 aliquando

103 1149 331 1198 poterimus.
390 1163 452 1199 ego
470 1162 565 1196 snm,
589 1149 727 1199 inquit,
757 1151 844 1186 deus
859 1163 869 1185 .·
898 1153 933 1185 el
958 1162 1032 1185 mm
1059 1153 1114 1184 est
1128 1152 1289 1196 praeter
1311 1160 1366 1184 me
1388 1148 1513 1184 iustus

102 1216 324 1252 etvsaluans.
383 1223 421 1253 et
441 1215 519 1252 alio
539 1214 580 1252 in
601 1216 690 1252 loco
708 1229 713 1250 :
744 1228 806 1263 ego
817 1215 975 1262 primus
994 1218 1029 1250 et
1048 1214 1286 1259 nouissimus,
1309 1218 1345 1250 et
1353 1218 1515 1262 praeter

104 1292 162 1316 me
188 1294 263 1318 non
292 1286 345 1318 cst
371 1282 469 1318 deus.
529 1281 614 1329 quis
642 1281 738 1317 sicut
765 1281 857 1328 ego?
914 1287 977 1317 et:
1010 1280 1095 1327 quis
1127 1291 1275 1316 mensas
1305 1283 1359 1316 est
1376 1280 1513 1327 palmo

103 1347 257 1392 caelum,
289 1351 324 1382 et
353 1352 494 1383 terram
525 1346 706 1394 pugillo?
743 1346 830 1394 quis
857 1345 1055 1393 suspendit
1086 1349 1227 1381 montes
1259 1344 1301 1380 in
1330 1345 1509 1392 pondere,

104 1415 138 1446 et
165 1423 318 1448 nemora
352 1412 393 1448 z'n
423 1412 597 1447 statera?
654 1418 691 1447 et
727 1409 939 1447 Ezechias:
978 1414 1021 1445 nt
1047 1409 1170 1445 sciant
1196 1421 1322 1445 omnes
1349 1409 1441 1456 quia
1471 1413 1514 1444 tlt

105 1488 140 1512 es
165 1476 255 1513 deus
277 1477 387 1513 solus.
447 1475 531 1525 ipse
558 1483 758 1524 praeterea
786 1473 998 1512 dominus:
1027 1474 1124 1521 quid
1146 1486 1202 1510 me
1231 1473 1445 1521 interrogas
1470 1474 1514 1509 de

104 1542 227 1578 bono?
257 1554 357 1577 mms
385 1542 475 1578 deus
500 1542 628 1577 bonus.
687 1540 890 1589 apostolus
918 1551 1078 1587 quoque
1108 1538 1276 1575 Paulus:
1306 1537 1376 1585 qm'
1399 1537 1510 1583 solus,

103 1605 244 1655 inquit,
279 1607 391 1642 habet
425 1606 764 1649 inmnortalitatem‚
799 1611 835 1641 et
865 1605 981 1641 lucem
1015 1603 1166 1640 lzabz'tat
1196 1602 1512 1646 inaccessibilem,-

103 1684 212 1720 quem
242 1672 344 1708 m'dz't
369 1672 565 1708 hominum
597 1684 712 1716 nemo,
746 1683 809 1707 nec
835 1671 961 1706 uidere
978 1674 1113 1717 potest.
1174 1675 1212 1705 et
1232 1666 1309 1704 alio
1337 1666 1376 1704 in
1399 1668 1512 1705 loco:

107 1737 293 1773 mediator
330 1741 454 1772 autem
493 1737 609 1772 maius
648 1749 722 1772 non
761 1740 814 1772 est
828 1749 844 1778 ,·
886 1735 976 1771 deus
1010 1738 1134 1770 autem
1174 1745 1274 1769 maus
1311 1736 1371 1769 est.
1443 1732 1513 1769 sed

107 1813 187 1850 quo
217 1801 339 1838 modo
369 1801 446 1838 hoc
478 1808 660 1838 tenemus
691 1807 729 1838 et
757 1799 924 1849 legimus
954 1806 992 1837 et
1022 1797 1232 1842 credimus,
1266 1796 1321 1834 sic
1351 1795 1514 1846 scriptu·

176 1909 187 1929 1
216 1899 384 1930 Christum
401 1909 471 1930 esse
488 1898 692 1929 contendunt
708 1898 835 1938 supplet
853 1898 898 1928 Pa
913 1908 953 1928 ex
971 1909 1000 1926 α.
1148 1896 1184 1928 16
1209 1906 1270 1937 ego
1288 1897 1351 1926 ins.
1367 1896 1418 1937 Ja.
1440 1899 1514 1926 ante

107 1954 318 1985 nouissimus.
439 1964 477 1994 25
504 1953 758 1984 si...debemus?
781 1952 855 1983 We.
873 1952 953 1982 coni.

155 2053 180 2073 1.
240 2045 302 2078 qui
342 2044 462 2072 autem
499 2042 674 2071 hominem
711 2040 776 2080 sq.]
843 2039 990 2080 Jackson
1007 2038 1178 2079 following
1196 2038 1302 2068 Hebr.
1328 2037 1426 2068 LXX
1449 2038 1515 2069 and

106 2086 163 2116 the
186 2092 358 2126 argument
386 2085 423 2115 of
450 2084 504 2114 the
532 2082 776 2114 ‘rationalistic’
846 2083 944 2122 Vulg.
968 2082 1084 2113 inserts
1100 2092 1152 2122 ego
1172 2081 1283 2112 before
1301 2082 1510 2112 nouissimus.

110 2129 344 2160 Monarchians
361 2138 398 2158 or
415 2127 656 2169 Adoptianists.
846 2126 918 2156 The
935 2126 1029 2156 other
1045 2125 1234 2166 quotations
1250 2124 1362 2155 follow
1380 2124 1489 2155 LXX.

155 2182 184 2212 7.
231 2171 435 2210 excipimus
451 2170 595 2212 exposed
612 2168 668 2200 to.’
894 2179 941 2208 17.
993 2169 1037 2199 Is.
1059 2169 1091 2199 xl
1113 2179 1161 2199 12.
1209 2167 1271 2200 See
1288 2178 1321 2208 p.
1343 2178 1391 2199 10.
1409 2180 1441 2206 4.

157 2225 205 2246 10.
253 2214 303 2245 ‘If
324 2215 415 2245 there
438 2224 492 2245 are
515 2214 624 2254 things
652 2212 777 2253 plainly
896 2222 942 2253 ¹9·
987 2223 1002 2242 2
1023 2212 1130 2252 Kings
1147 2211 1201 2242 xix
1221 2221 1268 2254 19,
1284 2211 1316 2241 in
1331 2211 1387 2242 the
1399 2221 1516 2252 prayer

110 2259 177 2289 laid
195 2259 293 2289 down
309 2269 352 2288 on
369 2258 424 2288 the
448 2268 533 2298 open
558 2267 642 2297 page
666 2256 702 2286 of
722 2257 777 2287 the
847 2255 885 2286 of
900 2255 1084 2286 Hezekiah.

111 2302 207 2333 Bible
231 2301 338 2332 which
363 2301 439 2341 they
462 2300 566 2332 either
582 2300 648 2330 will
667 2307 722 2330 not
741 2310 778 2330 or
892 2309 941 2329 20.
993 2299 1090 2329 Matt.
1109 2298 1162 2328 xix
1182 2307 1229 2337 17.

109 2351 229 2376 cannot
246 2344 321 2375 see-⁷
892 2352 942 2373 21.
997 2353 1006 2372 1
1027 2342 1115 2372 Tim.
1134 2342 1164 2371 vi
1186 2340 1233 2372 16.

157 2397 205 2427 15.
252 2388 324 2419 The
341 2387 398 2418 ref.
420 2387 446 2418 is
463 2393 497 2417 to
521 2386 631 2417 Isaiah
647 2385 702 2416 xlv
726 2396 775 2419 21,
891 2396 941 2424 ²4·
991 2385 1067 2416 Gal.
1088 2385 1123 2416 iii
1142 2394 1192 2414 20.

108 2431 280 2472 following
301 2432 356 2462 the
375 2431 489 2467 LXX;
515 2436 573 2460 not
595 2435 629 2460 to
647 2430 690 2459 Is.
708 2429 776 2460 xliii
889 2429 930 2458 ib.
969 2431 1030 2459 sed
1042 2437 1110 2466 quo
1123 2429 1224 2458 modo
1241 2427 1306 2469 sq.]
1339 2427 1411 2459 The
1425 2438 1518 2459 sense

114 2485 162 2505 11.
847 2472 891 2510 is;
932 2471 999 2511 just
1036 2482 1071 2502 as
1109 2481 1159 2502 we
1197 2476 1310 2512 accept
1350 2471 1518 2512 Scripture

157 2518 205 2549 16.
254 2520 290 2548 et
305 2517 532 2555 nouissimus]
550 2517 591 2547 Is.
612 2516 678 2546 xliv
693 2515 724 2553 6,
745 2526 772 2555 7.
846 2520 1039 2546 statements
1060 2514 1097 2546 of
1116 2514 1171 2545 the
1193 2514 1297 2555 Unity
1318 2513 1356 2545 of
1375 2515 1462 2553 God,
1482 2524 1519 2546 so

218 2597 250 2622 F.
274 2597 312 2622 N.
1387 2581 1412 2618 8

1535 836 1580 860 10

1536 1489 1583 1512 20
