1727 2734
81 164 147 203 IX]

493 164 566 194 DE
603 163 881 194 Tlx'lNlTATE
911 163 1066 194 LIBER
1433 165 1487 204 29

81 259 244 307 quando
278 257 400 296 dicit:
448 270 521 294 non
560 256 700 305 deficiet
728 255 905 304 princeps
942 256 985 293 de
1023 256 1136 303 Iuda,
1174 270 1289 305 neque
1324 259 1407 295 dux
1444 260 1488 296 de

69 321 285 369 femoribus
312 321 400 365 eius,
428 321 539 356 donec
560 319 693 355 ueniat
717 319 750 355 is
774 318 837 355 cui
859 318 1128 367 repromissum
1157 323 1219 365 est,
1251 324 1287 356 et
1313 320 1390 368 ipse
1415 322 1490 358 erit

80 386 303 434 exspectatio
323 385 505 433 gentium.

566 383 672 420 hunc
704 383 875 431 Moyses,
905 395 995 420 curn
1026 382 1144 420 dicit:
1170 385 1337 431 prouide
1363 387 1486 423 alium

80 464 187 500 quem
220 451 376 493 mittas,·
419 450 526 487 hunc
557 448 674 494 idem,
708 449 872 498 quando
906 455 1079 495 testatur,
1109 450 1337 497 pmplzetam
1370 451 1484 498 uobis,

82 514 266 561 dicendo,
302 514 496 551 suscitabit
527 513 616 550 deus
649 525 694 549 ex
719 512 921 561 fratribus
956 513 1118 550 uestris.-
1160 525 1242 549 eum
1281 515 1398 562 quasi
1433 528 1489 551 me
1509 527 1528 566 5

81 580 209 616 audite
220 595 234 622 ,·
274 579 392 623 hunc,
423 578 585 628 quando
616 576 736 615 dicit:
779 577 952 614 uidebitis
982 578 1105 615 uitam
1135 583 1302 615 uestram
1324 580 1487 627 penden-

80 649 150 681 tem
172 649 271 682 nocte
289 657 334 681 ac
360 644 428 690 die,
450 648 485 680 et
509 656 582 681 non
608 644 760 680 credetis
784 643 827 679 ei.

893 643 1000 680 hunc
1026 642 1173 681 Isaias:
1194 643 1350 691 prodiet
1374 645 1486 692 uirga

79 711 122 746 de
152 710 276 746 radice
306 709 415 754 lesse,
447 713 482 744 et
499 708 579 756 flos
608 708 652 744 de
678 707 804 744 radice
826 707 906 744 eius
930 708 1101 744 ascendet
1111 722 1126 753 ;
1165 707 1272 745 hunc
1299 709 1485 755 eundem,

80 775 243 824 quando
283 773 400 812 dicit:
445 787 517 811 ecce
554 774 664 821 uirgo
706 773 883 822 concipiet
923 777 959 809 et
990 773 1125 821 pariet
1155 772 1290 821 filium
1306 789 1321 816 ,·
1368 775 1485 819 hunc,

81 840 244 890 quando
264 839 450 878 sanitates
470 839 520 877 ab
545 852 593 878 eo
613 840 761 877 futuras
782 839 950 876 collocat
972 837 1126 876 dicens:
1155 843 1244 875 tunc
1267 840 1491 888 aperientur
1513 852 1559 876 10

81 905 182 941 oculi
196 917 397 948 caecarum,
415 908 449 941 et
468 917 581 941 aures
599 904 805 940 surdorum
826 903 1001 940 audient:
1025 907 1114 940 tunc
1130 904 1245 940 saliet
1262 903 1420 940 claudus
1446 910 1491 941 ut

78 981 219 1012 ceruus,
241 974 277 1005 et
292 968 434 1005 diserta
454 969 529 1005 erit
545 968 679 1017 lingua
700 972 894 1004 mutorum
908 982 925 1011 ‚·
953 968 1070 1014 hunc,
1090 968 1252 1017 quando
1273 967 1486 1018 patientiae

78 1033 242 1072 uirtutes
277 1032 470 1083 expromit
505 1032 664 1071 dicens:
710 1046 783 1069 non
817 1032 1000 1069 audietur
1032 1032 1071 1069 in
1097 1033 1243 1080 plateis
1277 1046 1354 1070 uox
1381 1035 1486 1077 eius,-

78 1099 336 1136 harundinem
380 1103 604 1146 quassatam
642 1110 717 1134 non
754 1102 923 1143 conteret,
958 1102 993 1133 et
1028 1098 1152 1134 linum
1179 1098 1380 1147 fumigans
1410 1112 1486 1135 non

76 1165 316 1212 exstinguet,·
355 1163 472 1209 hunc,
507 1163 670 1212 quando
708 1161 791 1200 eius
830 1161 1035 1211 euangelia
1074 1161 1304 1212 descripsit:
1348 1169 1385 1200 et
1413 1165 1487 1201 dis-
1513 1177 1556 1215 15

68 1236 216 1278 ponam
238 1229 341 1266 uobis
360 1231 621 1264 testamentum
642 1232 845 1273 aeternum,
869 1231 999 1264 sancta
1020 1228 1166 1264 Dauid
1168 1227 1309 1275 fidelia
1322 1243 1339 1272 ,·
1369 1229 1486 1273 hunc,

669 1328 679 1350 1
691 1328 702 1350 1
729 1319 846 1351 clodus
863 1331 895 1350 α.

127 1420 152 1440 1.
218 1410 303 1440 Gen.
345 1409 423 1440 xlix.
471 1420 508 1440 10
548 1409 612 1450 Vg.
660 1410 749 1440 ‘non

77 1453 241 1483 auferetur
265 1458 430 1493 sceptrum
455 1453 496 1483 de
518 1453 603 1483 Iuda
627 1458 658 1483 et
682 1452 748 1483 dux

77 1496 119 1526 de
147 1496 270 1527 femore
297 1497 377 1533 eius,
411 1496 518 1526 donec
549 1496 659 1526 ueniat
692 1495 749 1537 qui

78 1539 258 1570 mittendus
282 1539 368 1570 est⁷:
402 1539 498 1569 LXX
526 1540 582 1570 οὐκ
606 1540 749 1578 ἐκλείψει

77 1584 197 1622 ἅρχων.

124 1637 152 1666 3.
212 1626 318 1656 Exod.
365 1626 397 1656 iv
444 1635 480 1664 13
521 1626 583 1666 vg.
632 1626 750 1657 ‘mitte

77 1680 174 1710 quern
187 1669 342 1700 missurus
355 1668 411 1700 es.'
438 1669 534 1700 LXX
547 1671 749 1709 προχείρισαι

79 1712 248 1750 δυνάμενον
265 1712 366 1742 ἄλλον
381 1711 416 1742 ὃν
433 1713 631 1743 ἀποστελεῖς.

122 1769 150 1795 4.
202 1756 301 1786 Deut.
340 1756 417 1786 xviii
457 1767 492 1795 15
530 1756 747 1797 ‘prophetam

77 1799 119 1829 de
135 1804 233 1840 gente
249 1806 305 1830 tua
321 1805 353 1829 et
367 1799 407 1829 de
420 1799 572 1830 fratribus
586 1799 648 1829 tuis
665 1799 747 1829 sicut

77 1853 129 1873 me
143 1843 311 1873 suscitabit
325 1843 384 1873 tibi
397 1843 550 1873 dominus
561 1843 642 1874 deus
653 1848 745 1873 tuus:

74 1886 182 1927 ipsum
200 1885 335 1916 audies.'

121 1929 151 1960 6.
185 1931 352 1960 uidebitis
367 1930 482 1959 uitam
496 1932 655 1960 uestram
668 1929 746 1968 cet.]

78 1973 178 2003 Deut.
197 1973 296 2002 xxviii
315 1972 354 2004 66
372 1973 435 2013 vg.
463 1974 508 2003 ‘et
529 1972 587 2003 erit
609 1973 676 2003 uita
692 1978 748 2003 tua

77 2017 170 2057 quasi
210 2016 358 2057 pendens
397 2022 473 2046 ante
510 2022 551 2046 te.
616 2016 747 2046 timebis

77 2066 175 2090 nocte
203 2065 233 2090 et
261 2059 325 2096 die,
356 2064 387 2090 et
419 2069 484 2089 non
517 2059 630 2090 credes
660 2059 746 2090 uitae

77 2103 176 2133 tuae!
222 2102 293 2133 The
315 2102 404 2143 early
421 2102 541 2133 fathers
562 2102 651 2132 often
673 2102 747 2143 give

76 2147 141 2176 this
166 2156 302 2187 passage
324 2157 343 2175 a
368 2146 544 2176 Messianic
570 2145 742 2176 reference.

78 2190 170 2220 Thus
210 2190 295 2220 Iren.
337 2190 411 2219 adu.
448 2190 549 2219 Haer.
582 2189 613 2218 iv
644 2199 694 2220 20.
729 2199 744 2219 2

80 2232 240 2273 (Harvey)
282 2232 481 2263 ‘ostenditur
523 2232 670 2271 pendens
712 2232 745 2262 in

77 2276 168 2316 ligno
197 2281 227 2307 et
254 2286 319 2306 non
341 2276 475 2306 credent
500 2276 540 2305 ei.
587 2275 631 2306 ait
657 2275 744 2306 enim

80 2321 141 2350 “et
160 2319 220 2350 erit
236 2319 303 2350 uita
315 2326 370 2349 tua
383 2318 532 2359 pendens
546 2325 620 2349 ante
633 2319 746 2349 oculos

77 2369 151 2394 tuos
175 2369 205 2393 et
222 2373 288 2393 non
306 2363 418 2393 credes
435 2363 522 2392 uitae
540 2361 642 2393 tuae’'
656 2361 675 2393 ':
701 2363 743 2392 ib.

76 2417 97 2436 v
130 2407 176 2437 18.
211 2416 239 2443 2,
276 2406 355 2436 with
386 2405 442 2436 the
473 2410 640 2436 comment
672 2405 744 2446 ‘qui

76 2449 175 2490 igitur
212 2460 277 2479 non
317 2455 508 2490 receperunt
546 2449 639 2479 illum
679 2459 744 2478 non

77 2498 273 2533 acceperunt
290 2492 418 2523 uitam.'
463 2492 542 2522 Add
560 2491 614 2523 the
637 2491 745 2532 newly

77 2536 269 2567 discovered
295 2537 334 2567 εἰς
353 2534 511 2574 ’Ἑνδειξιν
536 2535 572 2566 of
590 2536 745 2566 Irenaeus

820 1420 882 1450 795
909 1409 1047 1439 Tertull.
1079 1410 1156 1439 adu.
1189 1410 1267 1440 lud.
1297 1410 1351 1447 xi;
1385 1410 1487 1451 Cypr.

825 1453 956 1483 Testz'm.
975 1453 996 1483 ii
1018 1463 1066 1483 20.

864 1506 893 1536 7.
940 1496 984 1526 Is.
1013 1496 1044 1525 xi
1081 1505 1091 1526 1
1123 1496 1187 1536 Vg.
1224 1498 1270 1528 ‘et
1303 1497 1488 1538 egredietur

818 1539 911 1578 uirga
927 1539 968 1570 de
986 1539 1097 1570 radice
1115 1539 1227 1570 Iesse.'

862 1592 891 1623 9.
944 1583 985 1613 Is.
1006 1582 1050 1613 vii
1071 1593 1118 1621 14.

866 1636 913 1657 10.
961 1627 1145 1657 sanitates.
1155 1652 1159 1656 .
1169 1626 1342 1665 ,collocaffl
1360 1626 1488 1667 ‘brings

817 1668 957 1699 forward
989 1669 1045 1699 the
1075 1674 1144 1700 acts
1181 1670 1217 1700 of
1247 1670 1381 1710 healing
1417 1670 1486 1701 that

817 1723 904 1743 were
918 1718 951 1743 to
963 1713 1003 1743 be
1014 1712 1200 1753 performed
1218 1713 1261 1754 by
1279 1712 1385 1744 Him.‘
1420 1714 1483 1754 Cp.

816 1756 853 1786 de
882 1757 982 1796 Spa-t.
1014 1756 1036 1786 ii
1066 1757 1155 1786 ‘curn
1181 1757 1222 1787 de
1253 1756 1361 1787 stadio
1389 1757 1487 1788 sumit

816 1799 978 1840 exempla,
1012 1810 1154 1830 coronae
1186 1810 1319 1841 quoque
1346 1800 1487 1831 collocat

817 1841 985 1884 praemia.’

860 1887 902 1916 ib.
951 1886 994 1916 Is.
1020 1897 1106 1916 xxxv
1132 1897 1161 1926 5,
1184 1885 1218 1917 6:
1245 1886 1294 1917 for
1320 1887 1484 1923 ‘audient‚

816 1929 938 1960 diserta
948 1928 954 1940 '
964 1929 1062 1969 Vulg.
1074 1929 1133 1960 has
1145 1931 1152 1944 ‘
1161 1931 1333 1970 patebunt,
1343 1930 1486 1970 aperta'3

818 1973 913 2003 LXX
932 1974 1130 2010 ἀκούσονται,
1150 1975 1266 2012 τρανήζ

864 2025 912 2047 12.
959 2017 1154 2052 patientiae
1175 2017 1343 2054 uirtutes]
1371 2017 1485 2047 ‘mira-

817 2059 882 2090 cles
900 2059 936 2089 of
949 2058 1157 2090 endurance.’

864 2111 908 2142 13.
960 2103 1002 2132 Is.
1022 2102 1077 2132 xlii
1097 2113 1124 2139 2,
1147 2112 1180 2142 3:
1203 2101 1253 2132 for
1272 2103 1324 2132 ‘in
1343 2102 1487 2143 plateis‚'

820 2144 1073 2176 ‘harundinem'
1098 2146 1193 2186 Vulg.
1222 2145 1280 2175 has
1303 2145 1408 2184 ‘foris,
1434 2157 1485 2176 ca-

816 2188 972 2224 lamum⁷;
1000 2189 1093 2219 LXX
1111 2190 1179 2226 ἕξω,
1200 2190 1356 2225 κάλαμον.

862 2240 910 2270 15.
957 2233 1144 2268 euangelia
1176 2233 1377 2271 descripsit]
1417 2233 1486 2264 ‘the

815 2274 971 2316 Gospels'
1005 2275 1042 2305 of
1070 2275 1124 2305 the
1157 2275 1242 2305 New
1280 2276 1484 2307 Testament.

815 2319 847 2348 A
872 2318 1006 2349 fancisul
1034 2318 1284 2359 interpretation
1313 2319 1349 2349 of
1374 2319 1484 2350 Isaiah

814 2361 846 2392 lv
859 2373 889 2401 3,
905 2362 938 2392 in
952 2361 1059 2393 which
1074 2362 1178 2392 God's
1193 2363 1389 2393 ‘covenant’
1404 2363 1482 2393 with

815 2405 917 2436 Israel
935 2406 961 2435 is
974 2405 1158 2443 described,
1174 2415 1209 2436 as
1223 2406 1255 2435 in
1270 2405 1393 2446 Jerem.
1408 2407 1483 2436 xxxi

816 2458 954 2489 31-33·

861 2491 908 2522 16.
958 2494 1082 2522 sancta
1108 2493 1221 2522 Dauid
1250 2491 1381 2530 fidelia]
1413 2492 1484 2523 ‘the

812 2535 1120 2576 lovingkindnesses
1137 2535 1173 2566 of
1194 2535 1405 2567 David—the
1426 2547 1482 2566 un-
