1727 2734
750 108 818 138 NO
829 108 885 138 VA
895 108 1040 138 TIANl
1471 110 1606 148 [XXXI

210 107 289 137 120

204 210 295 240 sunt
316 202 447 251 patris,
471 201 621 247 merito,
645 200 825 247 dicimus,
849 202 1019 239 duorum
1040 202 1205 239 deorum
1228 215 1346 251 quam
1374 201 1437 241 isti
1457 205 1606 242 confin-

202 276 300 318 gunt
321 266 629 307 controuersiam
653 266 888 304 suscitasset.
938 279 1044 304 nunc
1064 274 1196 304 autem
1218 267 1408 317 quicquid
1434 276 1503 315 est,
1526 282 1607 307 non

204 346 250 371 ex
271 346 312 371 se
340 341 408 377 est,
432 331 523 381 quia
551 344 624 369 nec
645 331 802 369 innatus
830 338 899 377 est,
931 332 1001 369 sed
1028 344 1074 369 ex
1102 339 1211 380 patre
1238 340 1306 379 est,
1336 333 1428 382 quia
1451 333 1607 383 genitus

203 406 272 436 est.
333 397 416 435 siue
450 398 545 434 dum
582 397 747 435 uerbum
781 404 850 443 est,
887 395 971 434 siue
1003 397 1099 434 dum
1133 396 1256 435 uirtus
1294 405 1363 442 est,
1395 398 1478 436 siue
1509 400 1605 437 dum

162 477 179 514 5
204 462 395 512 sapientia
425 470 494 509 θεῖ,
522 461 605 499 siue
635 462 731 499 dum
761 462 825 498 lux
855 468 922 507 est,
956 460 1039 498 siue
1069 461 1163 498 dum
1196 461 1297 500 filius
1328 470 1396 509 θεῖ,
1429 470 1467 501 θῖ
1497 463 1604 513 quic-

203 527 301 576 quid
331 528 472 564 horum
507 534 577 573 est,
611 513 708 563 dum
740 538 820 563 non
852 525 1012 563 aliunde
1042 533 1110 572 θεῖ,
1143 539 1273 575 quam,
1306 527 1405 565 sicut
1435 527 1605 566 diximus

203 592 281 629 iarn
320 591 511 641 superius,
552 604 597 629 ex
635 600 754 640 patre,
801 590 900 640 patri
939 603 1011 628 suo
1054 590 1244 640 originem
1288 605 1399 630 suam
1440 593 1603 639 debens,

203 656 443 696 discordiam
469 656 685 695 diuinitatis
715 657 764 694 de
791 669 957 694 numero
985 657 1153 694 duorum
1181 658 1346 695 deorum
1371 659 1498 696 facere
1523 671 1604 697 non
1633 685 1636 688 -

204 722 342 772 potuit,
370 721 436 771 qui
457 734 504 759 ex
524 721 603 767 illo,
626 721 693 770 qui
720 730 778 759 θεῖ
808 734 909 759 unus
937 722 1046 765 deus,
1070 721 1259 771 originem
1287 724 1488 762 nascendo
1515 737 1606 762 con-

137 799 183 823 10
203 787 325 825 traxit.
386 799 466 836 quo
486 799 639 836 genere,
663 787 757 824 dum
783 794 820 823 et
848 785 1072 835 unigenitus
1099 794 1157 823 est
1184 794 1222 824 et
1248 786 1531 836 primogenitus
1558 801 1606 826 ex

203 853 270 891 illo
295 860 353 890 θεῖ
378 851 456 901 qui,
480 851 572 901 quia
593 851 782 900 originem
809 864 889 889 non
910 851 1041 897 habet,
1065 864 1165 889 unus
1187 859 1245 889 est
1272 851 1450 889 omnium
1477 866 1606 891 rerum

203 926 241 956 et
275 916 512 967 principium
548 924 585 954 et
619 924 749 965 caput,
782 915 929 953 idcirco
963 929 1087 953 unum
1122 917 1241 954 deum
1275 916 1450 962 asseruit,
1487 930 1604 967 quem

202 996 284 1021 non
306 982 379 1020 sub
400 983 480 1020 ullo
501 981 694 1032 principio
722 989 788 1018 aut
815 980 938 1026 initio⁷
965 982 1035 1019 sed
1062 980 1215 1019 initium
1245 981 1374 1031 potius
1401 990 1440 1020 et
1466 981 1606 1032 princi—

201 1049 310 1099 pium
332 1061 460 1086 rerum
482 1047 661 1085 omnium
682 1046 968 1096 comprobauit.

136 1127 178 1164 15
284 1114 397 1150 Idem
429 1119 486 1150 est
514 1111 686 1160 denique
711 1111 820 1161 quod
845 1110 942 1148 nihil
972 1124 1018 1148 ex
1044 1110 1203 1148 arbitrio
1231 1124 1302 1149 suo
1329 1111 1437 1161 gerit,
1460 1125 1534 1150 nec
1560 1125 1607 1150 ex

202 1177 367 1216 consilio
388 1190 459 1214 suo
481 1176 584 1222 facit,
603 1189 676 1214 nec
696 1189 719 1213 a
739 1189 780 1214 se
801 1175 921 1221 uenit,
944 1176 1013 1213 sed
1035 1175 1206 1225 imperiis
1228 1175 1398 1224 paternis
1419 1176 1604 1214 omnibus

201 1250 239 1279 et
258 1240 478 1292 praeceptis
499 1239 680 1278 oboedit:
708 1248 749 1278 ut
771 1239 952 1289 quamuis
974 1239 1114 1288 probet
1130 1241 1240 1277 illum
1261 1239 1445 1278 natiuitas
1466 1240 1602 1287 filium,

201 1315 332 1344 tamen
364 1305 555 1355 morigera
584 1304 839 1343 oboedientia
867 1312 1013 1342 asserat
1040 1304 1149 1341 illum
1171 1312 1356 1353 paternae
1377 1305 1602 1351 uoluntatis,

200 1385 245 1409 ex
267 1384 346 1420 quo
375 1378 442 1416 θεῖ,
476 1370 709 1408 ministrum.
773 1370 826 1408 ita
855 1370 950 1408 dum
973 1383 1014 1408 se
1041 1369 1139 1420 patri
1169 1369 1207 1407 in
1238 1370 1423 1408 omnibus
1453 1371 1604 1409 obtem-

270 1469 301 1489 11
329 1458 385 1500 qui
402 1458 479 1499 quia
495 1458 546 1489 ed.
569 1458 659 1488 Paris
680 1467 778 1498 1545:
804 1457 859 1498 qui
877 1469 897 1487 α
916 1458 980 1488 Pa:
1004 1458 1080 1498 quia
1097 1459 1139 1488 al.
1300 1469 1335 1488 12
1361 1458 1484 1489 idcirco
1500 1469 1602 1489 unum

197 1513 297 1543 deum
326 1512 469 1543 adseruit
495 1512 525 1543 G
550 1523 644 1552 quem
670 1512 823 1552 sequitur
846 1512 910 1542 Pa:
932 1512 951 1542 i.
978 1522 1008 1542 u.
1035 1512 1067 1542 d.
1094 1518 1225 1553 oportet
1249 1512 1399 1543 adserere
1423 1513 1475 1544 ed.
1500 1513 1601 1544 Paris.

202 1576 292 1606 1545.
381 1576 416 1605 13
435 1566 563 1596 initium
581 1566 690 1606 potins
707 1572 736 1596 et
756 1565 952 1606 principium
973 1566 1018 1595 Pa
1033 1576 1071 1596 ex
1087 1578 1116 1596 α.
1204 1576 1238 1606 15
1265 1567 1306 1596 sis
1323 1576 1364 1603 -γε
1391 1565 1475 1597 filius
1491 1572 1599 1598 autem

197 1620 278 1651 nihil
298 1620 328 1651 G
347 1621 403 1651 Pa.

196 1697 354 1738 capabilis
385 1704 416 1728 et
445 1696 787 1737 incomprehensibilis
818 1696 862 1735 [et

196 1740 405 1779 inuisibilis].⁷

242 1795 267 1815 ν.
318 1785 485 1821 quiequid
507 1783 574 1821 est]
599 1793 650 1824 cp.
678 1793 710 1824 p.
736 1783 814 1824 981.
848 1793 857 1813 1

194 1827 273 1857 with
298 1834 386 1857 note.

240 1881 267 1910 7.
307 1872 403 1905 patri
416 1878 477 1900 suo
491 1870 718 1908 originem...]
741 1870 865 1910 ‘owing

195 1914 259 1944 His
281 1914 386 1954 origin
403 1920 436 1944 to
456 1913 511 1944 the
532 1913 664 1950 Father,
691 1913 745 1943 He
767 1913 864 1943 could

192 1963 248 1988 not
281 1957 432 1988 occasion
463 1967 528 1997 any
558 1957 709 1987 variance
744 1957 777 1986 in
809 1956 863 1987 the

194 2000 316 2031 Divine
329 2001 470 2031 Essence
483 2000 524 2040 by
532 2000 668 2040 making
676 2006 740 2030 two
750 2000 842 2030 Gods
855 2012 861 2036 ;

192 2043 240 2074 sor
260 2044 316 2075 He
339 2044 428 2074 drew
455 2043 518 2073 His
539 2043 644 2083 origin
666 2043 708 2083 by
726 2053 858 2083 genera-

191 2088 260 2118 tion
288 2087 370 2117 from
399 2087 454 2117 the
483 2086 557 2117 One
583 2087 668 2117 God.
729 2087 769 2116 ln
796 2086 859 2117 this

189 2137 311 2171 aspect,
333 2130 430 2161 while
450 2130 504 2160 He
526 2130 553 2160 is
575 2130 656 2160 both
679 2129 732 2160 the
756 2130 857 2170 Only-

190 2174 357 2214 begonem,
397 2174 462 2204 and
501 2173 555 2204 the
598 2173 857 2213 First-begotten

189 2217 272 2247 from
301 2217 380 2247 Him
411 2217 486 2247 who
517 2217 543 2247 is
572 2216 709 2246 without
737 2216 852 2257 origin,

188 2260 279 2291 there
292 2261 318 2290 is
331 2261 388 2290 but
401 2260 476 2291 One
487 2260 560 2290 who
572 2259 598 2290 is
611 2260 666 2290 the
677 2260 857 2300 beginning

187 2304 252 2334 and
270 2303 354 2334 head
372 2303 408 2334 of
421 2304 463 2333 all
483 2302 616 2344 things.'
653 2304 704 2333 De
718 2313 856 2333 numero

186 2347 328 2376 duorum
363 2357 532 2387 expresses
568 2346 622 2377 the
660 2356 773 2377 means
812 2347 855 2387 by

188 2389 294 2420 which
329 2390 488 2420 discordia
519 2390 629 2420 would
661 2390 702 2420 be
733 2389 852 2420 made:

185 2433 251 2463 and
274 2433 300 2463 is
318 2433 386 2463 best
410 2433 583 2473 explained
608 2434 650 2473 by
672 2433 726 2463 the
746 2433 853 2463 words

185 2475 222 2507 of
235 2486 266 2517 p.
293 2486 330 2515 37
355 2476 388 2506 ll.
416 2485 550 2518 17—19.
600 2477 670 2515 Quo
688 2487 805 2516 genere
827 2476 852 2507 is

932 1707 950 1726 a
982 1696 1099 1737 logical
1135 1704 1228 1732 term,
1255 1708 1358 1737 genus
1389 1697 1549 1738 denoting
1580 1708 1599 1728 a

936 1739 1037 1770 ‘class
1062 1741 1099 1770 os
1121 1739 1222 1770 facts-³
1252 1751 1288 1770 or
1317 1740 1492 1780 ‘subject⁷:
1526 1741 1601 1772 thus

933 1783 1073 1822 Quintil.
1110 1782 1206 1821 (lust.
1244 1784 1298 1814 Or.
1334 1795 1353 1813 x
1387 1794 1415 1823 7.
1454 1786 1506 1824 31)
1541 1784 1600 1815 has

933 1826 968 1855 in
993 1827 1048 1856 lzoc
1066 1837 1188 1866 genere.
1238 1827 1275 1856 In
1302 1837 1334 1867 p.
1360 1828 1400 1857 88
1424 1827 1446 1857 l.
1472 1841 1490 1866 4
1516 1828 1600 1859 ‘alio

933 1880 1052 1910 genere
1075 1870 1230 1900 aduersus-
1254 1870 1328 1901 illos
1348 1870 1598 1907 reluctandum,'

935 1912 989 1943 the
1007 1924 1063 1944 use
1081 1913 1106 1943 is
1123 1913 1256 1954 slightly
1273 1913 1435 1945 different.

980 1966 990 1986 1
1000 1967 1026 1987 2.
1087 1958 1215 1987 ideirco
1222 1982 1240 1987 ..
1250 1958 1428 1996 asseruit]
1477 1958 1600 1990 Idcirco

932 2000 1026 2030 takes
1045 2010 1088 2040 up
1105 2000 1184 2030 dum
1204 2000 1238 2039 (l.
1260 2006 1309 2039 10)
1324 2010 1330 2037 ;
1354 2000 1403 2031 for
1420 2000 1474 2032 the
1491 2012 1595 2038 sense,

931 2053 982 2083 cp.
999 2043 1053 2073 the
1067 2043 1193 2083 closing
1208 2044 1313 2074 words
1330 2044 1366 2074 of
1379 2044 1433 2075 the
1449 2044 1595 2086 chapter.

930 2086 1002 2117 The
1025 2086 1150 2127 subject
1173 2086 1210 2116 of
1223 2087 1445 2127 comprobauil
1461 2089 1539 2128 (and
1563 2089 1600 2119 of

929 2130 1109 2169 ‘asseruit’)
1145 2136 1230 2160 must
1270 2130 1310 2160 be
1355 2130 1505 2166 ‘Christ‚'
1537 2139 1594 2163 not

928 2172 1128 2213 ‘Scriptura’
1148 2183 1183 2204 as
1211 2173 1373 2204 Pamelius
1397 2180 1554 2215 suggests.

974 2226 1020 2255 15.
1069 2218 1162 2247 idem
1206 2219 1261 2247 est
1305 2219 1453 2254 denique
1501 2221 1594 2255 quod

924 2260 1027 2298 nihil]
1065 2260 1115 2290 ‘It
1149 2260 1186 2297 is,
1220 2261 1442 2301 accordingly,
1475 2261 1512 2292 of
1537 2261 1592 2293 the

925 2313 1014 2333 same
1035 2303 1155 2343 import
1181 2303 1250 2334 that
1276 2304 1331 2334 He
1352 2304 1432 2334 does
1453 2304 1592 2346 nothing

923 2346 960 2376 of
974 2346 1038 2377 His
1052 2357 1126 2377 own
1140 2346 1206 2377 will
1220 2357 1256 2377 or
1268 2347 1426 2377 counsel.'
1459 2348 1547 2378 Idem
1565 2349 1592 2379 is

923 2395 1045 2420 neuter.

970 2442 1016 2473 19.
1066 2441 1109 2463 ex
1146 2441 1215 2470 quo
1253 2433 1321 2471 est]
1360 2433 1515 2475 referring
1557 2441 1590 2466 to

914 2480 1074 2516 paternae
1098 2476 1277 2517 (=patris).
