1727 2734
193 125 249 166 70
747 131 882 161 NOVA
895 131 1037 161 TIANJ
1491 131 1596 170 [XIX

193 228 316 265 niodo
350 226 456 274 dicit,
489 227 688 265 subtracta
721 227 775 264 illi
808 226 933 265 diuini
963 227 1135 265 nominis
1165 235 1370 278 potestate,
1401 241 1521 277 quam
1551 241 1598 265 ex

193 292 471 342 scripturarum
500 292 729 330 caelestium
751 293 829 330 fide
856 293 1080 341 frequenter
1105 293 1268 343 accepit,
1293 306 1394 342 quae
1420 292 1530 330 illum
1558 300 1597 330 et

192 358 377 406 angelum
399 358 623 406 frequenter
643 365 681 395 et
702 357 822 394 deurn
843 356 992 394 dicunt.

279 421 356 459 His
396 422 583 459 omnibus
610 421 727 459 etiam
757 421 854 458 illud
881 420 1045 466 accedit,
1078 428 1121 458 ut
1156 434 1235 470 quo
1266 422 1388 459 modo
1417 421 1527 458 illurn
1559 430 1598 458 et

153 497 171 534 5
193 487 377 535 angelum
403 488 628 536 frequenter
657 494 695 524 et
722 487 842 524 deum
863 485 995 535 posuit
1020 486 1210 536 scriptura
1236 486 1381 533 diuina,
1405 486 1460 524 sic
1487 486 1597 524 illum

194 558 232 588 et
259 551 463 589 hominem
491 559 613 601 ponat
635 559 674 589 et
701 552 820 589 deun]
843 550 1065 600 exprimens
1086 552 1224 589 eadem
1253 551 1443 600 scriptura
1463 551 1600 590 diuina

195 617 303 665 quod
339 625 420 654 erat
454 618 617 663 futurus,
658 624 695 654 et
731 616 950 666 depingens
984 616 1060 653 iarn
1095 624 1179 653 turn
1209 615 1249 653 in
1280 615 1450 665 imagine
1488 618 1599 666 quod

195 682 367 719 habebat
398 695 484 720 esse
515 682 554 719 in
587 682 831 719 substantiae
861 680 1035 719 ueritate.
1095 683 1281 718 rmmassit
1308 681 1426 728 enim,
1457 680 1597 731 inquit,

194 748 306 783 laceb
325 749 438 791 solus,
460 753 494 783 et
512 748 732 784 luctabatur
749 748 858 783 homo
884 760 964 784 cum
994 760 1033 783 eo
1063 759 1178 794 usque
1207 747 1246 783 in
1278 760 1410 786 mane:
1438 752 1474 784 et
1499 748 1602 784 uidit

128 828 174 851 10
194 813 373 859 qnoniam
395 825 469 848 non
489 817 617 860 potcst
640 814 824 849 aduersus
852 825 944 857 eum,
968 816 1003 848 et
1029 813 1150 859 tetigit
1177 813 1417 849 latitudinem
1434 813 1601 861 femoris

195 877 316 919 Iacob,
357 889 439 913 cum
479 877 520 914 in
558 891 642 914 eum
675 878 888 914 luctaretur
924 884 962 914 et
1001 876 1084 926 ipse
1123 890 1214 914 cum
1249 890 1308 924 eo,
1340 883 1376 914 et
1402 879 1506 915 dixit
1539 879 1600 915 ei.-

194 942 342 978 dimitte
372 955 438 985 me,
470 943 640 979 asfendit
665 944 763 980 enim
791 943 932 990 lucffer.
992 948 1028 980 et
1057 944 1120 979 ille
1148 944 1274 980 dixit.-

835 1012 871 1043 εἰ
906 1008 1028 1044 dixit:
1065 1008 1169 1055 quod
1203 1013 1258 1044 est
1289 1020 1421 1044 nomen
1460 1010 1601 1045 tuum?

1312 956 1383 980 mm
1415 948 1448 979 te
1473 943 1599 980 dimit-

194 1012 286 1051 lam,
320 1007 400 1043 nisi
429 1019 486 1043 me
522 1007 765 1044 benedixeras.

194 1076 230 1108 et
268 1073 332 1108 ille
369 1073 481 1117 dixit,
526 1072 646 1109 Iacob.

129 1149 172 1186 15
196 1149 328 1173 nomen
363 1141 472 1173 ticum
506 1137 628 1180 Iacob,
664 1137 730 1173 scd
758 1138 889 1174 lsrael
917 1139 993 1174 erit
1023 1150 1153 1174 nomen
1194 1142 1301 1174 tunm
1318 1151 1328 1173 .·
1364 1139 1456 1185 quia
1490 1139 1600 1175 inua-

1226 1210 1263 1240 et
1294 1203 1426 1240 adhuc
1455 1202 1599 1241 adicit:

194 1272 230 1303 el
256 1268 407 1303 uocauit
436 1267 545 1303 Jacob
575 1280 705 1303 nomen
737 1269 810 1304 loci
837 1268 954 1312 illius,
988 1269 1086 1304 m'sio
1118 1268 1205 1312 dez)
1245 1267 1330 1304 nidi
1359 1268 1458 1304 enim
1487 1268 1597 1304 deum

184 1333 290 1380 facie
316 1332 537 1380 adfaciem,
571 1338 607 1369 et
638 1333 749 1369 salua
777 1333 889 1380 sacta
923 1338 977 1369 est
1009 1333 1142 1369 anima
1177 1345 1269 1369 mea.
1338 1338 1517 1380 ortusque
1545 1339 1603 1370 est

195 1399 230 1434 ei
263 1399 329 1443 sol,
370 1411 457 1435 mox
493 1403 534 1434 ut
565 1398 754 1434 transmit
789 1399 970 1434 visionem
1004 1398 1090 1441 dez]
1132 1398 1209 1445 ipse
1239 1410 1327 1434 uero
1365 1399 1604 1436 claudicabat

507 1462 640 1507 horno,
670 1461 808 1511 inquit,
838 1461 1060 1499 luctabatur
1093 1473 1184 1498 cuni
1218 1461 1352 1499 Iacob.
1415 1461 1446 1499 si
1476 1463 1600 1501 homo

196 1527 402 1573 solitarius,
433 1526 520 1576 quis
547 1534 605 1564 est
634 1526 738 1564 iste?
799 1527 906 1564 unde
937 1527 1024 1564 est?
1085 1538 1204 1574 quare
1233 1539 1324 1563 curn
1356 1527 1480 1565 Iacob
1509 1540 1601 1565 con-

196 1593 323 1631 tendit
369 1601 490 1642 atque
537 1593 734 1630 luctatur?
801 1591 897 1641 quid
942 1592 1242 1630 intercesserat?
1309 1592 1404 1641 quid
1452 1594 1598 1631 facturn

197 1658 349 1695 fuerat?
420 1670 521 1706 quae
547 1656 645 1695 ratio
676 1656 942 1695 contentionis
972 1656 1081 1694 istius
1112 1664 1244 1695 tantae
1274 1657 1451 1706 tantique
1480 1666 1600 1696 certa·

195 1721 342 1759 minis?
413 1735 532 1771 quare
562 1730 762 1771 praeterea
796 1722 930 1768 Iacob,
963 1721 1029 1770 qui
1060 1722 1111 1758 ad
1143 1722 1359 1759 tenendum
1394 1722 1597 1761 hominem

719 1073 893 1120 dixitque
934 1073 991 1109 ei:
1031 1085 1105 1109 non
1149 1073 1348 1110 uocabitur
1382 1074 1460 1110 iam
1500 1086 1603 1110 nunc

196 1202 308 1238 luisti
337 1215 417 1238 cum
445 1202 519 1245 deo,
551 1206 585 1238 ct
613 1215 695 1238 cum
725 1202 942 1239 hominibus
958 1208 1093 1251 potens
1121 1216 1165 1240 es.

128 1478 176 1502 20
183 1463 334 1510 femore
367 1475 446 1499 suo.

198 1818 235 1848 14
259 1809 359 1839 etiam
376 1819 462 1838 nunc
476 1808 552 1838 edd.
571 1808 671 1849 Angl.
694 1813 730 1838 ul
746 1818 778 1849 p.
802 1818 850 1847 7¹·
876 1818 922 1847 13.
1005 1817 1041 1848 19
1066 1817 1143 1837 mox
1160 1807 1309 1838 transiuit
1327 1808 1400 1838 edd.
1418 1817 1424 1838 ε
1443 1818 1524 1839 corr.
1542 1808 1593 1849 Ja.

240 1899 268 1930 7.
321 1890 416 1920 ‘And
444 1900 526 1920 even
551 1890 625 1921 thus
649 1891 738 1930 early
755 1900 860 1931 repre-
931 1891 1002 1927 ἔσῃ,
1022 1901 1056 1920 as
1073 1890 1199 1929 against
1220 1890 1282 1930 Vg.
1302 1894 1308 1905 ⁴
1322 1890 1348 1920 si
1368 1896 1482 1921 contra
1497 1891 1597 1922 deum

193 1934 323 1974 senting
339 1934 371 1964 in
390 1944 408 1963 a
426 1933 527 1974 figure
541 1933 610 1964 that
626 1940 740 1964 nature
754 1934 861 1964 which

196 1978 251 2008 He
268 1988 335 2007 was
353 1984 386 2007 to
407 1977 491 2007 have
513 1977 545 2007 in
566 1988 644 2017 very
663 1977 861 2007 substance.’

194 2021 257 2062 Cp.
276 2021 380 2051 ‘nasci
397 2021 557 2056 haberet,⁷
576 2031 606 2062 p.
628 2019 680 2060 64.
699 2034 729 2060 4.

238 2068 267 2095 8.
316 2066 487 2095 remansit
514 2065 606 2094 enim
636 2064 725 2104 sqq.]
771 2064 855 2094 Gen.

193 2108 282 2138 xxxii
322 2117 458 2147 24—27.
517 2108 589 2138 The
623 2108 752 2138 version
791 2118 860 2137 ren-

193 2152 268 2182 ders
308 2151 405 2181 LXX
449 2156 557 2191 pretty
595 2151 739 2191 closely:
787 2151 862 2181 thus

194 2195 244 2225 sor
299 2195 422 2234 ‘tetigit
471 2194 678 2225 latitudinem
730 2194 862 2224 femoris

196 2238 321 2275 Iacob,’
342 2238 435 2268 Lxx
454 2237 512 2267 has
528 2237 636 2277 ἥψατο
653 2239 708 2268 τοῦ
721 2239 861 2268 πλάτους

194 2283 250 2312 τοῦ
279 2283 378 2321 μηροῦ
411 2282 518 2317 αὑτοῦ,
553 2281 617 2321 vg.
646 2281 704 2311 has
737 2280 857 2321 *tetigit

193 2335 330 2356 neruum
349 2324 481 2355 femoris
498 2324 588 2355 eius.'
628 2324 690 2355 But
706 2324 750 2354 N.
763 2324 860 2354 omits

196 2370 247 2399 καὶ
276 2370 430 2407 ἐνάρκησε
463 2369 498 2398 τὸ
526 2369 648 2399 πλάτος
676 2370 729 2398 τοῦ
761 2369 860 2405 μηροῦ

195 2412 271 2452 (vg.
294 2414 339 2442 ‘et
357 2411 468 2441 statim
486 2410 685 2451 emarcuit’).
733 2411 858 2447 Be10w‚

195 2453 402 2485 ‘inualuisti'
435 2460 496 2484 etc.
532 2454 660 2484 follows
691 2456 861 2492 ἐνίσχυσας

192 2498 275 2536 μετὰ
292 2499 364 2528 θεοῦ
377 2499 427 2527 καὶ
444 2496 526 2534 μετὰ
543 2498 716 2537 ἀνθρώπων
736 2499 862 2527 δυνατὸς

932 1933 1024 1963 fortis
1057 1933 1155 1967 suisti,
1188 1940 1312 1974 quanto
1348 1934 1451 1974 inagis
1483 1941 1598 1966 contra

930 1976 1080 2006 homines
1099 1977 1329 2017 praeualebis.'
1376 1978 1542 2019 Similarly
1563 1979 1596 2009 in

931 2020 985 2050 the
1010 2020 1179 2060 following
1202 2021 1375 2061 quotation
1398 2022 1519 2059 (verses
1544 2032 1594 2062 30,

932 2064 1009 2103 31);
1033 2074 1094 2103 eg.
1116 2064 1214 2094 ‘uisio
1235 2063 1313 2101 dei,'
1335 2066 1413 2094 εἶδος
1436 2066 1517 2103 θεοῦ,
1539 2065 1596 2096 but

931 2107 992 2147 Vg.
1018 2106 1208 2137 ‘PhanueL’

979 2160 1026 2191 19.
1081 2159 1163 2181 mox
1195 2153 1236 2181 ut
1273 2151 1457 2190 transmit]
1503 2152 1596 2189 ἡνίκα

931 2195 1088 2232 παρῆλθε.

975 2248 1025 2268 22.
1073 2238 1158 2274 quid
1172 2239 1422 2268 intercesserat
1431 2238 1459 2276 7]
1477 2242 1484 2253 ⁶
1493 2238 1594 2269 What

930 2280 995 2310 had
1012 2291 1105 2311 come
1122 2281 1271 2311 between
1290 2281 1378 2311 them
1390 2280 1420 2311 ?'

973 2334 1025 2363 ‘²4-
1079 2324 1255 2364 ‘Whymis
1283 2323 1389 2364 Jacob
1427 2324 1528 2354 found
1561 2330 1596 2355 to

929 2366 1013 2397 have
1044 2377 1086 2397 on
1119 2368 1188 2398 that
1220 2372 1359 2398 account
1397 2368 1498 2398 asked
1538 2368 1594 2399 the

930 2410 1085 2451 blessing,
1113 2411 1221 2441 unless
1248 2411 1272 2440 it
1304 2421 1369 2440 was
1398 2410 1596 2442 because...’

930 2453 1003 2484 The
1030 2453 1236 2494 ingeniously
1258 2464 1407 2494 perverse
1438 2454 1594 2495 interpre-

931 2497 1034 2527 tation
1085 2497 1191 2528 which
1242 2496 1370 2527 follows
1417 2498 1595 2539 (ignoring,
