1727 2734
127 136 266 175 xvui]
539 135 611 166 DE
648 134 852 165 ΤΜΝΙΤΑ
864 134 927 165 TE
958 134 1112 165 ΗΒΕΑ)
1475 124 1531 175 63

126 231 176 268 ad
211 230 325 268 istam
358 229 533 280 gloriam,
568 237 609 267 ut
643 229 763 266 deum
799 236 949 278 patrem
985 227 1120 266 uidere
1150 228 1275 278 possit
1303 229 1530 278 aliquando.

125 295 344 346 periculosa
383 302 473 333 sunt
511 293 616 332 enim
657 307 758 343 quae
798 306 940 343 magna
978 301 1079 340 sunt,
1117 292 1148 331 si
1186 293 1391 344 repentina
1430 302 1531 332 sunt.

127 375 218 399 nam
254 361 372 400 etiam
408 361 474 398 lux
508 359 600 398 solis
640 359 770 397 subita
808 367 897 409 post
935 360 1119 398 tenebras
1159 361 1370 409 splendore
1408 361 1532 400 nimio

124 426 287 465 insuetis
308 425 431 465 oculis
454 438 534 463 non
555 426 740 463 ostendet
764 425 881 471 diem,
906 426 975 463 sed
997 425 1129 475 potius
1151 425 1266 464 faciet
1287 426 1529 465 caecitatem.

125 492 235 541 quod
265 505 314 529 ne
353 491 393 528 in
433 492 624 529 damnum
660 491 925 528 humanorum
956 490 1159 540 contingat
1192 493 1408 539 oculorum,
1441 506 1533 542 pau-

124 554 233 592 latim
268 553 454 604 disruptis
494 561 532 592 et
571 552 768 603 dissipatis
808 553 991 600 tenebris,
1033 560 1140 591 ortus
1182 554 1382 592 luminaris
1421 555 1531 593 istius

124 619 390 658 mediocribus
422 618 675 657 incrementis
707 619 884 656 fallenter
915 631 1122 668 assurgens
1154 620 1291 657 oculos
1323 620 1531 658 hominum

124 684 270 723 sensim
296 684 506 722 assuefacit
532 684 583 722 ad
610 691 737 721 totum
766 683 904 721 orbem
935 696 1050 721 suum
1076 684 1282 722 ferendum
1313 697 1382 734 per
1411 684 1532 723 incre-

126 758 259 788 menta
289 749 499 788 radiorum.
560 748 614 787 sic
654 761 746 798 ergo
778 756 816 787 et
847 748 1043 796 Christus,
1072 749 1113 787 id
1142 758 1200 787 est
1234 750 1365 800 imago
1399 750 1463 789 dei
1494 759 1532 789 et

124 814 226 852 filius
247 814 322 860 dei,
345 814 395 852 ab
417 813 646 851 hominibus
667 812 882 863 inspicitur,
907 827 985 863 qua
1005 821 1158 863 poterat
1180 814 1315 853 uideri.
1381 824 1418 854 et
1439 815 1530 854 ideo

124 879 308 929 fragilitas
332 887 370 917 et
397 878 647 917 mediocritas
675 878 788 916 sortis
816 880 1014 918 humanae
1041 893 1110 929 per
1136 879 1265 930 ipsum
1292 881 1417 928 alitur,
1447 895 1532 931 pro-

124 945 292 989 ducitur,
324 946 524 991 educatur,
558 952 599 982 ut
628 944 844 994 aliquando
872 945 992 983 deum
1020 958 1181 995 quoque
1208 946 1337 996 ipsum
1365 955 1528 997 patrem,

123 1018 280 1048 assueta
311 1008 433 1046 filium
462 1008 703 1058 conspicere,
736 1008 869 1058 possit,
903 1015 946 1046 πί
973 1016 1033 1055 est,
1063 1011 1207 1058 nidere,
1238 1024 1287 1049 ne
1317 1011 1531 1049 maiestatis

124 1073 246 1124 ipsius
266 1072 473 1123 repentino
495 1080 532 1110 et
553 1072 789 1110 intolerabili
810 1074 959 1122 fulgore
986 1086 1171 1123 percussa
1190 1074 1371 1125 intercipi
1395 1075 1530 1125 possit,

126 1146 168 1176 ut
195 1139 315 1176 deum
337 1145 488 1187 patrem
518 1150 637 1186 quem
665 1150 820 1186 semper
849 1137 1001 1187 optauit
1032 1138 1165 1177 uidere
1187 1152 1267 1177 non
1292 1139 1425 1189 possit.
1486 1154 1533 1178 ex

127 1217 207 1253 quo
240 1202 341 1240 filius
376 1210 434 1240 est
466 1201 530 1239 hic
560 1201 628 1251 qui
658 1201 834 1248 uidetur,
866 1202 930 1240 dei
962 1211 1093 1240 autem
1126 1203 1238 1250 filius,
1271 1204 1335 1242 dei
1365 1205 1531 1242 uerbum

127 1275 203 1315 est,
234 1266 298 1305 dei
318 1274 450 1304 autem
473 1266 639 1304 uerbum
668 1279 759 1304 caro
788 1267 935 1304 factum
965 1275 1023 1305 est
1048 1276 1085 1305 et
1113 1268 1305 1306 habitauit
1333 1268 1372 1306 in
1399 1269 1532 1307 nobis:

127 1333 191 1371 hic
220 1340 353 1370 autem
385 1331 563 1371 Christus
593 1338 662 1369 est.
722 1344 834 1381 quae,
862 1333 1022 1379 malum,
1049 1332 1146 1371 ratio
1174 1341 1232 1371 est
1261 1342 1301 1371 ut
1331 1334 1534 1372 dubitetur

129 1401 227 1438 deus
257 1398 347 1446 dici,
380 1397 447 1448 qui
477 1405 535 1435 tot
566 1397 694 1435 modis
725 1398 823 1436 deus
854 1397 1091 1447 intellegitur
1118 1399 1358 1449 approbari?

209 1467 270 1503 Ac
300 1464 331 1502 si
361 1472 399 1502 et
423 1465 528 1513 Agar
554 1463 739 1501 ancillam
767 1464 882 1501 Sarae
904 1464 954 1501 de
976 1465 1100 1502 domo
1130 1464 1294 1502 eiectam
1322 1465 1464 1515 pariter
1493 1474 1531 1504 et

129 1531 300 1580 fugatam
323 1530 486 1578 angelus
507 1528 695 1566 conuenit
716 1529 823 1578 apud
844 1529 994 1566 fontem
1016 1542 1142 1578 aquae
1163 1529 1203 1566 in
1229 1531 1293 1567 uia
1314 1531 1397 1577 Sur,
1421 1531 1535 1580 fugae

200 1639 209 1659 1
238 1634 347 1669 posset
364 1628 432 1658 edd.
451 1638 456 1658 ε
479 1627 520 1668 Ja
537 1638 619 1658 corr.

128 1683 234 1723 suppl.
255 1692 295 1713 ex
311 1693 341 1712 α.

131 1780 187 1811 the
227 1779 391 1810 Fountain
431 1779 468 1809 of
502 1779 545 1810 all
578 1779 693 1819 Being.
745 1780 800 1809 He

129 1824 306 1855 illustrares
324 1823 366 1864 by
383 1823 438 1853 the
455 1823 597 1863 analogy
614 1822 651 1853 of
669 1822 723 1853 the
741 1833 800 1853 sun

130 1868 196 1898 and
221 1867 272 1897 his
288 1876 380 1906 rays3
405 1866 461 1897 the
484 1867 581 1896 latter
604 1876 654 1896 we
678 1866 801 1897 endure

134 1912 214 1952 ‘pro
234 1916 455 1950 temperatura
481 1910 639 1950 portionis
661 1920 745 1950 quae
768 1910 801 1939 in

132 1960 252 1985 terram
276 1954 352 1983 inde
380 1953 438 1992 [sc.
461 1964 479 1983 a
503 1953 585 1991 sole]
610 1952 799 1994 porrigitur'

135 1996 223 2037 (adu.
243 1998 398 2026 Praxean
419 2007 446 2026 c.
465 1996 544 2034 xiv).
593 1996 655 2026 But
678 1996 719 2026 he
742 1996 800 2026 has

132 2046 191 2071 not
218 2038 416 2070 Novatian⁷s
445 2039 509 2070 fine
533 2039 742 2080 comparison
767 2039 804 2069 of

133 2085 188 2115 the
209 2083 358 2124 growing
382 2083 497 2113 Vision
523 2083 559 2113 of
581 2083 657 2114 God
683 2088 717 2112 to
744 2083 799 2113 the

134 2127 295 2166 breaking
321 2126 355 2156 of
381 2126 435 2156 the
460 2126 567 2156 dawn.

179 2182 207 2211 3.
257 2172 319 2200 lux
331 2172 416 2199 solis
432 2169 566 2207 subita]
612 2169 675 2210 Cp.
693 2169 745 2200 ch.
763 2169 796 2206 ii,

133 2226 164 2256 p.
183 2216 213 2244 S.
234 2224 273 2244 σο
290 2224 337 2253 sq.

182 2267 229 2287 11.
276 2256 496 2294 producitur]
516 2256 558 2285 ‘is
575 2255 771 2286 advanced.⁷

180 2311 190 2331 1
200 2311 227 2331 2.
271 2301 279 2314 ‘
291 2299 377 2329 That
392 2305 423 2329 at
438 2299 569 2329 last...it
583 2309 657 2339 may
670 2300 712 2329 be
725 2299 800 2329 able

132 2350 166 2375 to
188 2354 240 2374 see
266 2342 341 2374 God
366 2342 422 2373 the
447 2342 568 2373 Father
592 2342 662 2373 also
685 2353 720 2372 as
746 2343 801 2373 He

133 2386 183 2418 is.7
232 2386 276 2417 So
305 2396 316 2416 1
335 2387 387 2426 Jo.
406 2386 439 2416 iii
460 2386 478 2416 6
509 2386 685 2426 ‘quoniam
711 2386 801 2416 uide-

133 2431 242 2461 bimus
267 2440 341 2460 eum
367 2428 422 2469 (se.
459 2428 595 2463 ‘deuni,'
625 2429 801 2469 according

133 2480 167 2504 to
192 2474 252 2510 N.)
279 2473 372 2503 sicuti
395 2472 465 2503 est-⁷
523 2473 595 2503 The
619 2472 801 2503 mediation

135 2517 172 2548 of
185 2516 295 2548 Christ
312 2516 462 2547 between
479 2516 535 2547 the
554 2515 687 2546 Infinite
710 2515 800 2547 God-

881 1636 918 1668 19
942 1626 998 1667 qui
1015 1632 1063 1657 tot
1080 1628 1188 1658 modis
1205 1628 1237 1657 d.
1256 1628 1277 1657 i.
1295 1628 1471 1669 adprobari
1491 1629 1537 1659 Pa

870 1779 954 1810 head
977 1779 1041 1809 and
1066 1779 1154 1809 finite
1181 1778 1305 1810 human
1328 1780 1539 1821 intelligence

871 1823 897 1853 is
938 1822 1012 1853 well
1052 1823 1227 1863 expressed
1271 1823 1304 1853 in
1339 1834 1357 1854 a
1400 1834 1538 1865 passage

871 1867 994 1907 quoted
1034 1866 1077 1905 by
1107 1866 1271 1906 Jackson:
1312 1867 1435 1898 Euseb.
1474 1869 1537 1898 Dc-

872 1914 1006 1939 monstr.
1043 1910 1177 1949 Euang.
1219 1910 1250 1940 iv
1283 1909 1301 1939 6
1342 1911 1379 1942 ὡς
1418 1911 1456 1941 ἂν
1495 1914 1538 1947 μὴ

871 1954 1036 1983 παντελῶς
1061 1953 1080 1990 η
1111 1954 1174 1982 τῶν
1194 1955 1354 1992 ’γεννητῶν
1379 1956 1538 1985 ἀποπέσοι

870 1999 962 2034 φύσις
976 1996 1013 2026 δι’
1029 1997 1145 2026 οἰκείαν
1158 1998 1287 2026 ἀτονίαν
1303 1998 1353 2027 καὶ
1365 1999 1539 2035 ἀδυναμίαν

868 2041 922 2075 τῆς
940 2041 1117 2078 ἀγεννήτου
1135 2041 1184 2069 καὶ
1202 2041 1370 2079 ἀχωρήτου
1386 2042 1540 2078 πατρικῆς

870 2083 975 2113 οὐσίας
1003 2083 1173 2117 διεστῶσα,
1199 2086 1288 2119 μένοι
1313 2084 1345 2113 δὲ
1374 2085 1424 2114 καὶ
1453 2086 1539 2121 αὔξοι

869 2128 920 2156 καὶ
948 2127 1094 2165 τρέφοιτο
1119 2127 1173 2163 τῆς
1202 2128 1301 2164 μέσης
1329 2128 1538 2158 ἀπολαύουσα

870 2171 1033 2208 χορηγίας,
1068 2169 1104 2205 ἤν
1129 2170 1144 2199 ὁ
1175 2171 1349 2207 μονογενὴς
1380 2172 1435 2200 τοῦ
1466 2172 1540 2202 θεοῦ

870 2212 968 2251 λόγος
1008 2215 1123 2243 οὔποτε
1160 2213 1222 2243 τοῖς
1262 2212 1358 2243 πᾶσιν
1392 2215 1537 2253 ἐπαρκῶν

870 2256 1087 2293 διαλιμπάνει,
1121 2255 1225 2293 πάντη
1265 2257 1296 2286 δὲ
1335 2259 1447 2297 χωρῶν
1488 2259 1540 2288 καὶ

870 2299 920 2329 διὰ
945 2299 1071 2329 πάντων
1096 2302 1387 2338 περιπορευόμενος,
1412 2300 1538 2331 πάντων

870 2343 903 2380 ἐξ
918 2343 986 2379 ἴσης
1002 2344 1056 2379 τῆς
1073 2344 1227 2381 σωτηρίας
1245 2345 1378 2382 προνοεῖ.

918 2396 966 2425 14.
1013 2387 1192 2424 intercipi]
1216 2396 1271 2416 see
1291 2397 1323 2427 p.
1342 2386 1394 2418 60.
1413 2389 1430 2418 8
1448 2395 1537 2419 note.

919 2432 966 2459 18.
1013 2438 1115 2466 quae,
1165 2432 1310 2467 malum,
1361 2432 1469 2470 ratio]
1519 2443 1538 2462 a

870 2472 1022 2513 startling
1032 2472 1292 2513 colloquialisrn:
1309 2477 1316 2490 ‘
1329 2474 1415 2505 what
1422 2485 1538 2506 reason

870 2515 902 2546 in
921 2515 976 2546 the
992 2515 1133 2546 world?⁷

1553 507 1573 545 5

1556 827 1603 851 10

1557 1479 1606 1502 20
