1727 2734
201 118 278 148 102
750 117 818 148 NO
828 118 885 148 VA
895 117 1041 148 TJANJ
1426 119 1599 157 [XXVIII

195 214 287 261 ouis,
310 211 604 263 pronuntiabat,
623 213 678 248 ad
694 212 965 260 iugulationem
986 214 1170 250 adductus
1189 218 1251 251 est.
1303 222 1341 251 et
1357 227 1448 252 cum
1468 215 1603 252 adhuc

195 292 289 318 crux
317 290 515 327 nusquam
545 283 658 322 esset,
690 275 843 314 aiebat:
875 281 953 314 tota
982 278 1041 314 die
1070 279 1240 326 expandi
1261 292 1399 316 manus
1423 292 1523 316 meas
1551 281 1611 316 ad

186 344 375 393 populum
407 355 483 379 non
513 343 725 379 credentem.
803 349 842 380 et
873 355 963 379 curn
999 344 1179 381 nondum
1218 343 1404 383 iniuriose
1442 352 1604 394 potatus

196 408 344 454 fuisset,
374 409 414 444 in
441 408 516 452 siti,
539 406 602 452 ait,
626 420 707 443 mea
723 411 964 454 potaverunt
989 421 1044 444 me
1067 413 1173 445 aceto.
1231 417 1270 447 et
1296 422 1385 447 cum
1412 409 1603 459 spoliatus

156 486 174 522 5
196 475 328 512 adhuc
376 486 457 510 non
506 471 652 517 fuisset,
702 471 871 518 dicebat,
912 479 1027 521 super
1068 478 1202 510 uestem
1251 488 1370 512 meam
1418 476 1608 512 miserunt

196 542 359 576 sortem:
387 542 422 574 et
439 538 786 574 dinumerauermzt
803 549 887 573 ossa
913 549 1019 574 mea:
1048 537 1257 586 effoderunt
1277 552 1416 576 manus
1441 552 1542 576 meas
1567 546 1609 577 et

188 606 308 653 pedes.
368 601 583 652 prouidens
613 601 719 639 enim
750 601 941 650 scriptura
970 601 1106 640 diuina
1135 615 1206 652 pro
1233 603 1345 641 factis
1372 603 1478 650 dicit,
1501 617 1606 654 quae

197 670 326 707 futura
346 667 429 714 scit,
456 675 494 705 et
514 680 585 716 pro
609 666 791 716 perfectis
819 666 925 713 dicit,
949 680 1051 716 quae
1072 668 1201 705 futura
1228 668 1360 715 habet,
1389 681 1491 718 quae
1518 670 1606 707 sine

198 732 447 771 dubitatione
477 739 643 769 uentura
673 738 773 768 sunt.
834 739 872 768 et
899 730 990 769 ideo
1015 732 1200 770 dominus
1228 732 1267 770 in
1292 733 1487 783 praesenti
1513 735 1607 772 loco

132 814 178 837 10
198 799 380 837 dicebat:
411 812 434 834 α
459 798 564 835 modo
589 798 707 834 nostis
732 797 853 843 illum,
879 802 914 833 et
937 798 1098 835 uidistis.
1159 797 1317 836 dicebat
1343 798 1449 837 enim
1474 799 1605 837 uisum

198 864 242 902 iri
276 864 327 902 ab
361 876 409 901 eo
441 870 603 913 patrem,
636 862 814 912 quisquis
844 862 968 900 filium
998 870 1156 900 secutus
1186 863 1348 909 fuisset3
1382 877 1462 901 non
1492 863 1605 914 quasi

199 930 300 967 filius
324 929 407 979 ipse
435 936 537 966 esset
563 935 673 977 pater
699 927 817 974 uisus,
842 928 911 966 sed
936 929 1045 977 quod
1072 928 1290 978 praemium
1320 937 1607 967 consecuturus

199 1003 312 1042 esset,
336 993 515 1045 quisquis
542 993 652 1031 illurn
677 993 788 1042 sequi
809 1001 847 1031 et
868 992 1085 1043 discipulus
1112 993 1195 1032 eius
1223 1007 1307 1032 esse
1335 993 1535 1041 uoluisset,
1562 1002 1607 1032 ut

199 1061 336 1099 uidere
357 1068 507 1110 patrem
526 1067 669 1109 posset.
729 1072 819 1096 nam
842 1066 880 1096 et
896 1058 1026 1108 imago
1048 1066 1106 1096 est
1122 1058 1185 1097 dei
1203 1059 1332 1108 patris,
1352 1068 1394 1097 ut
1410 1059 1470 1097 his
1486 1059 1605 1097 etiam

134 1142 146 1165 1
158 1141 176 1177 5
199 1126 297 1164 illud
312 1126 486 1172 accedat,
504 1124 692 1174 quoniam
713 1123 813 1161 sicut
829 1131 939 1173 pater
955 1131 1149 1173 operatur,
1166 1123 1218 1161 ita
1235 1132 1418 1173 operatur
1434 1132 1472 1162 et
1489 1124 1604 1171 filius,

201 1200 238 1230 et
262 1191 435 1229 imitator
461 1198 519 1228 est
549 1189 650 1227 filius
671 1189 850 1227 omnium
873 1202 1037 1238 operum
1062 1197 1340 1238 paternorum3
1369 1198 1411 1227 ut
1441 1188 1607 1239 perinde

200 1256 343 1294 habeat
364 1254 647 1304 unusquisque,
672 1253 783 1303 quasi
810 1253 887 1291 iam
916 1253 1057 1292 uiderit
1079 1263 1240 1304 patrem,
1264 1256 1359 1293 dum
1384 1268 1475 1293 eum
1495 1254 1607 1293 uidet

201 1321 267 1371 qui
295 1320 534 1359 inuisibilem
557 1328 708 1370 patrem
730 1319 769 1357 in
791 1319 977 1357 omnibus
999 1319 1184 1369 operibus
1207 1333 1361 1370 semper
1381 1319 1564 1358 imitatur.

283 1387 467 1425 Ceterum
506 1385 536 1423 si
572 1385 655 1435 ipse
688 1392 799 1434 pater
833 1392 891 1422 est
926 1385 1117 1431 Christus,
1156 1386 1361 1434 quomodo
1395 1385 1603 1423 confestim

133 1463 180 1486 20
200 1449 320 1488 adicit
350 1458 387 1487 et
422 1449 543 1488 dicit:
584 1449 654 1497 qui
678 1449 799 1485 credit
825 1449 866 1485 in
896 1461 963 1493 me,
993 1454 1105 1496 opera
1134 1461 1230 1496 quae
1257 1461 1320 1496 ego
1335 1448 1442 1496 facio
1470 1454 1506 1485 et
1529 1449 1609 1496 zpse

189 1517 321 1564 faciet,
342 1522 376 1553 et
394 1517 544 1553 maiora
565 1516 626 1552 llis
642 1515 771 1563 faciel,
793 1516 886 1563 qnia
906 1527 966 1563 ego
987 1516 1042 1551 ad
1059 1519 1208 1562 patrem
1230 1515 1358 1552 uado?
1415 1522 1452 1552 et
1473 1514 1606 1552 adhuc

202 1581 422 1620 subnectit:
452 1582 490 1618 si
511 1581 671 1628 dilzgitis
700 1593 765 1626 me,
786 1585 986 1628 praecepta
1017 1593 1097 1616 mea
1124 1584 1297 1616 seruate:
1324 1584 1362 1615 et
1381 1592 1443 1627 ego
1470 1580 1609 1627 rogabo

192 1652 358 1695 patrem,
381 1651 415 1683 et
439 1647 559 1682 alium
586 1646 812 1682 aduocatum
836 1645 944 1682 dabit
965 1645 1079 1682 uobis.
1139 1651 1227 1693 post
1248 1657 1349 1693 quae
1370 1643 1487 1682 etiam
1508 1643 1607 1682 illud

203 1711 424 1750 subnectit:
454 1711 491 1747 si
506 1712 590 1758 quis
611 1723 667 1747 me
683 1710 820 1757 dioga,
842 1722 1045 1747 sermonem
1073 1722 1193 1746 meum
1213 1710 1414 1746 custodiet:
1442 1715 1479 1746 et
1490 1715 1612 1757 pater

941 1847 1075 1887 imago.’

989 1890 1036 1920 16.
1083 1893 1119 1921 et
1149 1891 1310 1921 imitator
1341 1894 1395 1921 est
1426 1890 1506 1929 eet.]
1562 1892 1609 1922 So

249 1863 278 1882 2.
326 1851 367 1882 Is,
390 1850 444 1880 lxv
464 1859 490 1879 2.

339 1894 507 1924 iniuriose
545 1894 690 1928 potatus
731 1891 872 1929 fuisset]

207 1940 214 1953 ‘
228 1937 294 1968 had
312 1937 395 1968 been
412 1935 534 1966 offered
553 1935 608 1965 the
625 1945 687 1975 cup
705 1934 742 1965 of
754 1934 871 1965 scorn.’

206 1981 272 2012 For
281 1986 395 2021 potare
411 1980 443 2010 in
460 1979 525 2009 this
541 1989 644 2014 sense,
663 1989 716 2008 see
738 1977 871 2008 Ro'nsch

205 2025 248 2055 lt.
268 2035 299 2056 u.
330 2024 363 2053 V.
382 2033 413 2064 p.
433 2021 505 2063 576.

249 2081 279 2107 4.
328 2068 379 2098 Ps.
397 2066 488 2096 lxviii
508 2075 544 2096 22
563 2065 644 2103 (lxix
664 2065 727 2101 21).

251 2123 279 2151 5.
329 2111 381 2141 Ps.
407 2110 461 2140 xxi
491 2119 537 2150 19,
572 2110 618 2144 18,
648 2117 682 2148 17
713 2107 792 2147 (xxii
823 2108 870 2145 18,

210 2164 257 2190 1'*‚
280 2153 316 2185 16
336 2177 343 2183 .

232 2174 302 2237 114.
320 2156 328 2193 )
349 2199 390 2227 ut
419 2197 475 2226 his
507 2196 615 2226 etiam
645 2194 792 2232 illud...]
818 2197 873 2224 ‘so

207 2242 276 2272 that
295 2241 386 2271 there
404 2239 429 2269 is
451 2239 515 2269 this
538 2238 662 2268 further
684 2238 782 2273 trum,
801 2237 871 2268 that

207 2283 282 2316 etc.⁷
329 2284 371 2314 N.
394 2283 420 2313 is
441 2282 554 2322 giving
576 2281 631 2312 the
648 2281 821 2311 substance
840 2280 877 2310 of

205 2329 257 2368 J0.
279 2339 298 2357 v
321 2336 355 2366 17
374 2326 437 2356 and
460 2335 507 2366 19.
542 2324 676 2355 Besides
694 2324 748 2355 the
766 2324 872 2354 future

207 2371 331 2401 reward
357 2370 393 2399 os
412 2369 524 2408 seeing
548 2368 602 2398 the
628 2368 760 2402 Father‚
781 2367 872 2398 there

207 2415 233 2445 is
250 2415 305 2445 the
322 2413 386 2443 fact
403 2412 473 2442 that
491 2422 572 2442 even
590 2422 664 2441 now
681 2422 729 2441 we
747 2421 799 2441 see
817 2411 871 2441 the

208 2457 330 2488 Father
346 2462 378 2486 at
392 2455 483 2485 work
501 2455 533 2485 in
551 2455 606 2485 the
619 2460 686 2485 acts
701 2454 737 2484 os
750 2454 870 2485 Christ.

207 2501 294 2532 That
327 2500 352 2530 is
383 2498 438 2529 the
470 2498 624 2538 meaning
659 2496 697 2527 of
731 2497 785 2528 the
820 2499 827 2512 ‘
845 2501 875 2527 ct

942 1944 970 1964 c.
995 1934 1074 1964 xxii.
1100 1944 1132 1973 p.
1159 1936 1210 1965 81.
1238 1944 1265 1963 2.

987 1977 1025 2007 ib.
1072 1981 1112 2007 ut,
1139 1978 1285 2013 perinde
1311 1979 1610 2008 habeat...i.nuisi-

940 2020 1059 2058 bilem]
1087 2022 1094 2035 ‘
1106 2030 1142 2050 so
1161 2020 1228 2050 that
1245 2031 1263 2050 a
1281 2030 1355 2050 man
1375 2031 1450 2060 may
1466 2020 1526 2052 feel
1541 2022 1608 2061 just

941 2074 976 2094 as
993 2063 1019 2093 if
1032 2063 1072 2094 he
1089 2063 1146 2094 has
1162 2074 1238 2094 seen
1257 2063 1312 2094 the
1333 2064 1454 2094 Father
1475 2064 1610 2105 already

942 2107 974 2137 in
991 2107 1102 2147 seeing
1121 2107 1201 2137 Him
1215 2107 1221 2114 ’
1240 2112 1301 2137 etc.

990 2160 1036 2190 19,
1061 2161 1109 2181 21.
1153 2150 1205 2190 Jo.
1232 2150 1286 2180 xiv
1313 2160 1359 2187 12,
1391 2160 1437 2189 15,
1467 2149 1515 2180 16.
1559 2152 1610 2181 As

942 2193 997 2224 the
1014 2193 1199 2224 ‘confestim
1211 2193 1217 2205 ’
1230 2193 1346 2231 shews,
1362 2193 1416 2224 the
1430 2193 1609 2235 preceding

942 2237 1126 2277 paragraph
1160 2236 1291 2277 &saepe
1316 2236 1403 2267 enirn
1429 2237 1605 2278 scriptura'

942 2286 975 2310 to
995 2284 1142 2320 ‘semper
1160 2279 1335 2319 ἰωὴ-Ἴων’)
1360 2280 1385 2310 is
1408 2280 1605 2320 parentheti-

941 2323 1014 2354 cal:
1050 2322 1232 2354 ‘ceterum'
1262 2333 1405 2353 resumes
1433 2323 1488 2354 the
1517 2324 1607 2354 main

940 2373 1121 2406 argument.

986 2420 1037 2449 23-
1083 2409 1307 2448 aduocatum]
1321 2409 1418 2450 Vulg.
1437 2411 1444 2424 ‘
1459 2410 1606 2441 Paracle—

941 2452 1035 2483 tum.y

986 2507 1036 2534 ²⁴·
1081 2496 1132 2536 Jo.
1154 2496 1207 2526 xiv
1227 2506 1277 2535 23,
1300 2495 1349 2526 26.
