1727 2734
181 488 198 524 5

155 809 200 831 10

154 1132 197 1170 15

228 115 241 143 1
257 115 304 143 12
780 120 848 150 No
858 120 914 150 VA
926 120 1073 150 TJANI
1516 124 1630 163 [XXX

223 212 430 250 ueritatem
463 226 618 262 semper
649 213 835 252 haeretici
870 213 1043 252 sincerae
1082 214 1302 254 traditionis
1337 224 1375 255 et
1409 218 1630 256 catholicae

224 278 316 315 fidei
351 279 662 315 controuersiam
694 280 821 316 solent
853 279 1015 324 trahere,
1053 280 1305 318 scandalizati
1338 281 1377 319 in
1411 281 1626 331 Christum,

223 343 333 391 quod
373 341 492 379 etiam
536 343 634 380 deus
680 350 718 380 et
764 356 832 392 per
880 342 1090 392 scripturas
1137 353 1331 383 asseratur
1368 354 1406 384 et
1448 360 1471 384 a
1510 347 1628 386 nobis

223 407 299 444 hoc
334 419 419 444 esse
454 407 646 453 credatur,
680 406 820 444 merito
854 420 876 444 a
910 407 1026 445 nobis
1061 410 1121 457 (ut
1155 409 1284 447 omnis
1318 423 1340 447 a
1374 411 1453 449 fide
1492 419 1627 449 nostra

222 470 363 509 auferri
398 470 522 520 possit
561 471 758 509 haeretica
797 472 1012 519 calumnia)
1047 473 1097 510 de
1131 486 1178 511 eo
1217 475 1327 523 quod
1365 482 1403 513 et
1441 476 1539 513 deus
1579 475 1629 514 sit

224 536 405 576 Christus
449 536 504 574 sic
548 545 606 574 est
646 537 943 586 disputandum,
985 546 1026 575 ut
1065 551 1146 576 non
1184 538 1375 589 impediat
1413 540 1629 590 scripturae

222 601 441 647 ueritatem,
484 603 554 640 sed
593 615 666 639 nec
701 609 875 639 nostram
916 603 1048 650 fidem,
1085 617 1164 653 qua
1201 618 1304 643 unus
1343 607 1441 643 deus
1479 613 1519 644 et
1558 620 1629 656 per

223 666 432 716 scripturas
461 667 665 716 promitur,
698 676 736 705 et
765 681 787 704 a
818 668 932 705 nobis
963 677 1118 707 tenetur
1148 677 1186 707 et
1215 670 1397 708 creditur.

303 739 383 768 tam
415 730 521 768 enim
551 731 605 768 illi
640 731 708 780 qui
745 733 878 769 Iesum
912 733 1113 771 Christum
1154 733 1282 783 ipsum
1319 735 1440 772 deum
1474 742 1625 784 patrem

221 796 370 842 dicunt,
394 809 514 845 quam
543 796 661 834 etiam
689 796 743 833 illi
771 796 838 846 qui
863 797 1067 836 hominem
1094 798 1204 836 illum
1232 801 1512 838 tantummodo
1538 814 1627 839 esse

221 861 442 907 uoluerunt,
475 860 613 898 erroris
643 860 702 898 sui
733 869 770 898 et
800 861 1064 910 peruersitatis
1094 863 1263 913 origines
1293 872 1331 901 et
1361 877 1499 902 causas
1528 864 1624 903 inde

221 934 443 975 rapuerunt,
468 927 561 975 quia
581 939 672 963 curn
692 925 1054 965 animaduerterent
1075 928 1263 978 scripturn
1285 942 1371 966 esse
1391 930 1501 979 quod
1522 943 1626 968 unus

222 990 269 1028 sit
286 992 395 1036 deus,
415 1004 495 1029 non
513 991 624 1030 aliter
640 999 879 1041 putauerunt
899 991 1012 1030 istam
1035 1002 1168 1031 tenere
1184 1007 1226 1032 se
1241 1007 1358 1044 posse
1373 995 1623 1044 sententiam,

220 1057 294 1095 nisi
321 1065 389 1095 aut
419 1057 624 1096 hominem
654 1065 808 1095 tantum
845 1057 1058 1104 Christum,
1087 1066 1155 1097 aut
1186 1067 1290 1098 certe
1322 1061 1441 1098 deum
1473 1068 1624 1110 patrem

220 1130 402 1172 putarent
432 1136 517 1161 esse
545 1123 801 1161 credendum.
861 1122 916 1160 sic
943 1123 1049 1161 enim
1076 1124 1292 1163 calumnias
1322 1139 1411 1163 suas
1441 1126 1626 1176 colligere

219 1194 524 1234 consueuerunt,
561 1194 604 1224 ut
635 1199 803 1225 errorem
839 1186 1041 1237 proprium
1075 1189 1294 1238 approbare
1333 1189 1516 1228 nitantur.
1586 1198 1626 1229 et

220 1252 382 1302 quidem
409 1252 463 1290 illi
494 1252 561 1302 qui
592 1253 725 1290 Iesum
754 1251 956 1291 Christum
986 1260 1137 1302 patrem
1167 1253 1315 1301 dicunt,
1345 1254 1418 1292 ista
1448 1262 1625 1304 praeten-

219 1319 342 1356 dunt:
374 1318 405 1356 si
433 1331 535 1356 unus
560 1319 669 1364 deus,
702 1317 882 1356 Christus
908 1324 1042 1355 autem
1067 1319 1176 1364 deus,
1207 1329 1318 1368 pater
1344 1327 1402 1357 est
1429 1319 1623 1368 Christus,

219 1385 312 1433 quia
351 1397 453 1421 unus
493 1384 614 1421 deus:
659 1383 691 1421 si
730 1396 811 1420 non
851 1390 962 1432 pater
999 1382 1047 1420 sit
1082 1383 1272 1430 Christus,
1314 1385 1410 1422 dum
1450 1392 1488 1423 et
1525 1386 1627 1424 deus

219 1447 321 1486 filius
370 1449 561 1494 Christus,
604 1448 686 1486 duo
733 1446 787 1484 dii
836 1454 973 1484 contra
1020 1446 1230 1496 scripturas
1279 1447 1494 1486 introducti
1538 1461 1624 1487 esse

285 1536 302 1566 8
326 1534 395 1565 edd.
421 1535 623 1576 promittitur
647 1539 685 1564 ut
700 1546 740 1565 a:
765 1544 846 1564 corr.
867 1534 930 1564 We
954 1534 1125 1574 promitur.
1329 1537 1365 1567 18
1389 1535 1415 1567 si
1438 1546 1522 1567 unus
1545 1537 1628 1569 deus

220 1590 382 1627 Christus,
402 1590 552 1621 Christus
569 1600 596 1620 a.
624 1590 656 1620 d.
687 1601 730 1628 ’γε
757 1600 838 1619 corr.
870 1589 925 1618 Pa.

219 1677 294 1698 ever
328 1667 495 1708 wrestling
529 1667 657 1707 against
692 1666 747 1697 the
783 1666 881 1703 truth‚

218 1711 302 1741 have
329 1721 348 1741 a
376 1711 530 1751 standing
561 1710 690 1751 quarrel
718 1710 798 1740 with
831 1710 886 1740 the

219 1765 298 1795 pure
336 1754 492 1784 tradition
531 1753 596 1783 and
636 1753 691 1784 the
730 1753 885 1784 Catholic

218 1797 311 1835 saith,
325 1797 478 1828 offended
492 1807 527 1827 as
540 1796 617 1837 they
630 1807 684 1827 are
701 1803 732 1827 at
747 1796 883 1828 Christ.⁷

219 1841 284 1871 For
308 1841 363 1871 the
386 1851 461 1881 gen.
487 1840 663 1881 (objective
687 1840 720 1870 in
744 1840 784 1870 its
808 1839 882 1870 cha-

219 1884 337 1923 racter)
374 1883 453 1914 with
494 1883 796 1920 controuersiamst
829 1893 879 1923 cp.

218 1938 251 1968 p.
265 1928 344 1968 991.
361 1937 400 1968 ²9
417 1927 689 1957 ‘controuersiam
703 1907 884 1957 diuihitatis

218 1976 249 2001 et
274 1970 461 2011 religionis.⁷

263 2025 291 2054 5.
329 2013 518 2052 calumma]
537 2012 585 2051 (as
601 2012 722 2052 below)
737 2018 884 2053 suggests

219 2058 380 2098 captious
391 2056 580 2097 objection.
599 2056 661 2097 Cp.
673 2057 710 2086 de
724 2057 791 2087 Cia>
806 2057 883 2086 lud.

219 2101 227 2131 i
264 2101 525 2131 ‘haereticorum
559 2100 725 2140 sacrilegis
763 2100 884 2130 calum-

217 2143 301 2175 niis.’

262 2188 301 2218 ib.
351 2189 393 2217 de
411 2195 450 2218 eo
467 2189 560 2223 quod
576 2186 656 2225 cet.]
703 2189 710 2202 ‘
724 2187 786 2217 We
800 2186 884 2217 have

218 2236 251 2261 to
269 2241 368 2271 argue
386 2231 440 2261 the
456 2229 519 2261 fact
542 2230 611 2260 that
634 2229 745 2260 Christ
768 2230 793 2260 is
815 2229 884 2260 also

219 2275 295 2305 God
313 2275 345 2304 in
363 2274 442 2304 such
465 2284 484 2303 a
506 2284 577 2313 way
598 2283 633 2303 as
654 2278 711 2303 not
734 2280 768 2303 to
786 2273 883 2303 inter-

218 2317 284 2348 sere
300 2317 380 2347 with
397 2317 452 2347 the
474 2317 561 2347 truth
584 2316 622 2346 of
641 2316 808 2357 Scripture
825 2327 885 2346 nor

218 2367 271 2401 yet
296 2360 374 2390 with
399 2371 457 2390 our
482 2359 612 2391 Creed.⁷
658 2361 796 2390 Sis...ul
819 2370 883 2390 non

218 2404 319 2444 really
346 2403 436 2443 gives
464 2403 518 2434 the
549 2403 611 2443 gist
643 2403 680 2434 of
708 2403 762 2434 the
792 2413 883 2443 argu-

218 2453 318 2478 ment.

263 2493 292 2522 8.
339 2490 528 2527 promitur]
553 2494 559 2505 ‘
573 2489 599 2519 is
615 2489 785 2527 asserted‚'
799 2500 833 2520 as
851 2489 883 2520 in

955 1666 1043 1703 xxiii,
1059 1677 1089 1707 p.
1103 1668 1154 1706 84.
1167 1666 1279 1706 o‘ausi
1293 1667 1357 1697 sint
1369 1677 1435 1698 non
1450 1666 1551 1698 filium
1565 1668 1623 1699 sed

955 1709 1061 1750 ipsum
1093 1710 1191 1740 deun]
1227 1716 1353 1751 patrem
1388 1721 1538 1751 promere
1570 1712 1623 1743 uel

954 1753 1096 1793 putare,’
1125 1754 1190 1784 and
1215 1753 1302 1789 xxvi,
1329 1764 1359 1794 p.
1393 1763 1445 1794 94.
1471 1753 1501 1784 6.
1548 1754 1623 1786 The

954 1796 1091 1836 reading
1106 1796 1340 1837 ‘promittitur'
1357 1797 1454 1827 could
1479 1797 1557 1838 only
1580 1798 1622 1829 be

955 1840 1114 1870 rendered
1129 1839 1171 1870 ‘is
1185 1839 1390 1888 prosessed‚
1366 1839 1389 1855 ⁹·
1407 1839 1448 1871 cf.
1468 1850 1478 1870 1
1496 1841 1584 1871 Tim.
1598 1841 1621 1872 ii

958 1893 995 1914 10
1009 1887 1016 1898 ‘
1030 1883 1258 1923 promittentes
1276 1882 1453 1923 pietatem)

1001 1937 1047 1965 15.
1100 1926 1184 1956 F·01
1208 1926 1286 1966 they
1309 1936 1363 1956 are
1390 1932 1479 1957 wont
1507 1931 1542 1958 to
1565 1937 1621 1958 en-

953 1969 1098 2000 deavour
1110 1974 1144 2000 to
1157 1969 1366 2000 recommend
1380 1969 1464 2000 their
1476 1970 1624 2010 peculiar

954 2023 1042 2043 error
1063 2013 1106 2053 by
1131 2013 1295 2053 throwing
1316 2012 1400 2043 their
1417 2012 1496 2044 false
1512 2013 1565 2054 obj
1570 2024 1621 2045 ec-

955 2055 1039 2086 tions
1052 2056 1121 2087 into
1135 2056 1189 2087 the
1203 2055 1323 2086 sollou
1317 2066 1372 2096 mg
1383 2056 1500 2097 logical
1512 2025 1622 2088 sorjmss

958 2100 1112 2139 Colligere
1125 2099 1222 2130 refers
1235 2105 1268 2130 to
1282 2099 1337 2130 the
1347 2099 1526 2140 syllogistie
1536 2099 1621 2131 form

955 2142 990 2173 of
1015 2143 1070 2174 the
1093 2142 1270 2182 objecfion,
1295 2153 1330 2173 as
1357 2147 1405 2173 set
1428 2147 1485 2173 out
1508 2142 1541 2174 in
1565 2143 1621 2175 the

955 2193 1125 2217 sentences
1138 2185 1320 2226 following.
1353 2186 1414 2227 Cp.
1429 2196 1504 2224 xxv,
1518 2196 1552 2227 p.
1566 2196 1620 2228 93.

960 2241 970 2260 1
982 2240 1007 2260 1.

1001 2274 1047 2304 18.
1097 2274 1128 2303 si
1172 2280 1263 2302 unus
1290 2272 1358 2313 sq.]
1402 2271 1485 2302 This
1512 2272 1539 2303 is
1565 2273 1622 2304 the

952 2322 1124 2357 argument
1141 2316 1177 2346 of
1189 2315 1244 2346 the
1263 2315 1508 2356 patripassians.

1003 2370 1049 2400 19.
1094 2361 1210 2390 sinon
1225 2361 1329 2396 pater
1345 2358 1410 2399 sq.]
1437 2357 1490 2388 ‘Is
1509 2358 1620 2390 Christ

956 2403 981 2433 is
1005 2409 1062 2434 not
1087 2403 1142 2433 the
1168 2402 1299 2437 father,
1323 2401 1413 2438 then,
1435 2411 1470 2431 as
1493 2400 1618 2441 Christ,

956 2447 1010 2477 the
1024 2446 1104 2484 Son,
1121 2446 1147 2476 is
1161 2445 1237 2477 God
1251 2445 1331 2480 also,
1346 2445 1370 2475 it
1383 2450 1468 2476 must
1479 2447 1619 2486 appear'

955 2495 1017 2520 etc.
