1727 2734
128 179 196 218 xl]

551 181 622 210 DE
659 180 864 211 TA‘lNlTA
876 181 938 211 TE
971 182 1124 212 LIBER
1484 183 1534 222 37

130 288 177 312 ex
190 274 283 324 ipsis
298 288 382 313 6556
401 282 648 313 monstretur.
682 289 958 325 quaecumque
974 275 1079 314 enim
1095 277 1155 314 lex
1173 276 1210 313 in
1224 277 1410 315 alterutro
1425 279 1537 316 fuerit

132 340 271 390 posita,
308 341 347 378 in
378 342 501 379 altero
536 341 759 380 inuenietur
791 355 877 380 esse
911 349 1102 391 suscepta.

1175 341 1391 391 periculum
1430 343 1535 380 enim

131 405 203 444 erit
231 418 303 444 nec
331 405 532 443 hominem
554 405 663 443 illum
685 420 731 444 ex
752 406 1000 456 passionibus
1021 407 1189 453 ostendi,
1212 407 1242 445 si
1265 421 1344 445 non
1367 408 1537 457 potuerit

133 471 250 509 etiam
281 472 380 509 deus
409 485 455 509 ex
485 471 694 509 uirtutibus
726 471 946 521 approbari.

1016 485 1097 510 non
1129 480 1187 510 est
1219 486 1310 522 ergo
1345 473 1384 510 in
1418 487 1536 511 unam

133 542 284 586 partem
310 535 583 574 inclinandum
609 544 647 574 et
673 536 725 574 ab
751 536 826 574 alia
850 544 959 586 parte
983 536 1225 585 fugiendum,
1245 537 1435 587 quoniam
1464 552 1537 576 nec
1559 549 1577 586 5

134 599 285 639 tenebit
315 601 528 649 perfectam
559 600 764 638 ueritatem
795 600 972 650 quisquis
1001 600 1173 650 aliquam
1209 601 1383 639 ueritatis
1413 604 1538 640 exclu-

133 665 226 704 serit
260 665 493 716 portionem.

552 673 632 703 tarn
662 667 765 704 enim
803 665 993 715 scriptura
1028 665 1145 703 etiam
1181 667 1301 704 deum
1330 667 1539 706 annuntiat

135 730 351 776 Christum,
374 743 493 780 quam
518 730 637 768 etiam
665 731 868 769 hominem
894 730 1023 780 ipsum
1050 731 1257 770 annuntiat
1283 733 1428 779 deum3
1458 741 1537 771 tam

135 795 339 834 hominem
364 795 570 845 descripsit
602 797 734 833 Iesum
761 795 973 842 Christum,
1004 810 1123 846 quam
1152 797 1269 835 etiarn
1297 799 1416 836 deum
1445 812 1539 848 quo-

134 874 212 911 que
239 861 444 911 descripsit
473 861 673 901 Christum
703 861 922 900 dominum.

134 926 243 964 illurn
266 926 388 964 filium
410 940 495 965 esse
516 926 711 976 proponit,
730 928 800 965 sed
821 934 859 964 et
880 926 1076 974 hominis3
1107 941 1180 966 nec
1197 928 1367 966 hominis
1384 936 1537 966 tantum

134 991 241 1040 dicit,
273 993 342 1030 sed
374 1000 411 1030 et
441 992 505 1030 dei
541 994 680 1031 referre
712 992 943 1031 consueuit:

984 1000 1025 1030 ut
1059 994 1155 1031 dum
1190 1006 1237 1031 ex
1271 1001 1438 1042 utroque
1467 1001 1536 1041 est,

135 1065 346 1107 utrumque
367 1058 415 1095 sit
432 1073 440 1104 3
470 1071 520 1096 ne
540 1058 571 1095 si
591 1059 757 1096 alterum
775 1066 928 1096 tantum
945 1058 1004 1104 sit,
1023 1060 1187 1096 alterum
1205 1072 1290 1096 esse
1306 1072 1385 1096 non
1404 1058 1536 1108 possit.

134 1129 176 1159 ut
197 1121 301 1160 enim
324 1121 571 1172 praescripsit
592 1121 674 1171 ipsa
697 1129 835 1160 natura
856 1122 1058 1160 hominem
1080 1123 1324 1160 credendum
1352 1136 1448 1170 esse,
1472 1122 1539 1172 qui

133 1200 180 1224 ex
201 1187 362 1225 homine
383 1187 442 1231 sit,
464 1187 518 1225 ita
534 1188 673 1225 eadem
696 1195 833 1225 natura
853 1187 1081 1237 praescribit
1098 1196 1136 1225 et
1157 1189 1277 1225 deum
1294 1189 1538 1226 credendum

135 1265 231 1300 esse,
255 1252 388 1302 quiex
408 1254 485 1291 deo
506 1252 577 1291 sit:
609 1267 658 1291 ne
686 1253 716 1291 si
745 1266 826 1291 non
855 1261 892 1291 et
920 1254 1018 1291 deus
1046 1253 1170 1300 fuerit,
1194 1266 1284 1291 cum
1313 1267 1359 1291 ex
1380 1254 1457 1292 deo
1478 1253 1536 1300 sit,

133 1318 211 1356 iarn
242 1331 315 1356 nec
342 1319 464 1356 homo
495 1318 553 1364 sit,
586 1318 675 1356 licet
706 1332 752 1355 ex
782 1318 944 1356 homine
974 1318 1100 1364 fuerit,
1131 1326 1168 1356 et
1199 1318 1254 1356 sic
1284 1318 1323 1356 in
1352 1320 1539 1357 alterutro

133 1392 345 1434 utrumque
378 1383 628 1434 periclitetur,
666 1384 761 1421 dum
802 1385 968 1421 alterum
1007 1385 1130 1422 altero
1166 1385 1285 1422 fidem
1321 1384 1540 1434 perdidisse

132 1448 393 1487 conuincitur.

454 1449 519 1498 qui
547 1450 680 1498 legunt
710 1462 802 1498 ergo
832 1448 1002 1486 hominis
1030 1449 1152 1487 filium
1179 1449 1381 1487 hominem
1411 1450 1540 1489 Chris-

134 1521 217 1551 tum
259 1515 403 1559 Iesum,
445 1514 575 1563 legant
614 1514 720 1550 hunc
765 1514 938 1551 eundem
984 1520 1022 1551 et
1067 1514 1187 1551 deum
1227 1522 1264 1552 et
1308 1514 1372 1552 dei
1416 1514 1539 1552 filium
1569 1530 1580 1543 ν

205 1635 214 1654 1
243 1634 282 1654 ex
299 1623 377 1664 ipsis
394 1635 434 1654 a:
460 1623 502 1653 ab
519 1623 538 1653 i.
559 1623 603 1653 al.

133 1687 215 1707 corr.
238 1676 310 1706 We.
451 1684 486 1715 17
512 1675 557 1706 sic
576 1675 626 1706 G:
649 1686 710 1705 om.
731 1686 762 1713 7.

182 1789 229 1809 12.
280 1781 341 1808 sed
385 1781 421 1809 et
465 1780 521 1809 dei
558 1781 689 1809 referre
727 1787 804 1809 con-

133 1822 265 1860 sueuit]
294 1823 368 1852 ‘but
398 1823 423 1852 is
459 1823 528 1852 also
558 1828 645 1852 wont
675 1829 708 1852 to
740 1822 802 1852 call

136 1866 218 1896 Him
243 1865 298 1896 the
323 1865 390 1896 Son
415 1865 451 1895 of
472 1864 573 1896 God.’

182 1908 229 1940 16.
270 1909 528 1947 qmexdeosit]
561 1910 624 1939 See
639 1909 801 1939 Westcott

134 1963 177 1983 on
208 1952 294 1993 John
320 1952 375 1982 viii
400 1962 451 1991 42.
506 1952 578 1983 The
613 1952 801 1992 expression

136 2007 203 2026 was
224 1995 303 2026 used
326 1995 367 2035 by
392 1996 463 2035 Ign.
489 1996 577 2035 Eph.
597 1995 638 2025 vii
655 2006 670 2025 2
696 1998 747 2025 καὶ
768 1997 801 2025 ἐκ

138 2039 263 2078 Μαρίας
283 2040 335 2068 καὶ
352 2040 384 2068 ἐκ
407 2040 497 2075 θεοῦ;
521 2039 564 2078 by
578 2039 686 2078 Justin
704 2039 797 2068 Dias.

137 2082 175 2114 61
201 2083 270 2112 θεὸς
296 2083 330 2111 ἐκ
352 2082 423 2111 θεοῦ
445 2080 592 2120 πεφυκὼς
613 2083 646 2118 ἐξ
672 2082 802 2119 ἑαυτοῦ;

136 2126 180 2166 by
214 2124 419 2165 Hippolytus
449 2135 473 2155 c.
508 2125 599 2155 Noel.
633 2125 662 2154 xi
696 2126 803 2154 πάντα

136 2170 240 2199 τοίνυν
260 2168 297 2198 δι’
316 2169 421 2204 αὑτοῦ,
443 2169 535 2198 αὐτὸς
548 2168 579 2198 δὲ
593 2167 685 2202 μόνος
698 2170 732 2198 ἐκ
750 2169 804 2197 τοῦ

139 2210 280 2251 πατρός;
320 2211 384 2241 aud
424 2211 466 2252 by
504 2211 687 2242 Tertullian
727 2210 804 2251 (eug

138 2256 233 2295 Apol.
257 2265 292 2285 21
334 2257 391 2285 ‘ex
415 2255 479 2285 deo
503 2254 665 2295 prolatum
691 2254 804 2284 didici-

138 2297 244 2335 mus'3
282 2299 359 2328 adu.
394 2299 498 2328 Prax.
529 2309 559 2328 11
604 2297 706 2328 ‘filius
739 2308 805 2327 non

138 2342 197 2373 erit
217 2341 299 2372 alius
319 2351 419 2382 quam
441 2341 497 2381 qui
519 2352 558 2372 ex
578 2341 650 2382 ipso
670 2341 802 2381 prodiit,

138 2395 246 2416 sermo
269 2390 378 2415 autem
404 2385 525 2425 prodiit
550 2395 589 2415 ex
613 2383 727 2424 ipso’).
776 2384 805 2414 lt

140 2438 207 2458 was
239 2428 337 2459 taken
370 2438 413 2468 up
440 2428 483 2468 by
515 2427 569 2458 the
606 2427 743 2457 Fathers
774 2427 811 2457 of

140 2472 278 2506 Nicaea,
310 2469 505 2510 γεννηθέντα
536 2473 572 2501 ἐκ
603 2472 658 2501 τοῦ
689 2471 807 2509 πατρὸς

138 2516 307 2553 μονογενῆ,
326 2513 490 2544 τουτέστιν
507 2516 542 2544 ἐκ
558 2514 613 2551 τῆς
629 2515 736 2545 οὐσίας
752 2515 808 2543 τοῦ

141 2557 269 2597 πατρός,
290 2558 361 2587 θεὸν
374 2559 409 2588 ἐκ
427 2558 510 2588 θεοῦ.
556 2557 629 2588 The
646 2557 752 2588 Creed
774 2556 811 2587 of

742 1633 757 1653 2
785 1623 816 1653 in
834 1623 939 1653 altero
955 1633 1015 1653 om.
1039 1623 1162 1662 Migne.

1257 1629 1406 1664 suspecta
1423 1635 1457 1662 Ὑ,
1474 1625 1516 1655 al.
1533 1633 1539 1654 :

873 1778 928 1808 the
945 1778 1078 1812 Arians,
1096 1778 1201 1809 called
1222 1778 1291 1809 that
1314 1778 1351 1809 of
1371 1779 1539 1816 Sirmium,

872 1821 930 1851 has
954 1821 1009 1852 the
1034 1821 1174 1852 formula
1198 1823 1428 1861 ’γεγεννημένον
1451 1834 1541 1860 μονο-

872 1866 950 1902 ’γενῆ
966 1866 1059 1901 μόνον
1080 1866 1113 1894 ἐκ
1132 1866 1230 1900 μόνου
1251 1866 1323 1913 itnvrb
1330 1867 1386 1896 τοῦ
1403 1866 1540 1906 Πατρός,

874 1909 945 1938 θεὸν
970 1909 1005 1938 ἐκ
1033 1909 1116 1945 θεου,
1146 1910 1251 1942 ὅμοιον
1278 1921 1321 1947 τῳ
1349 1911 1542 1948 ’γεννήσαντι

872 1953 966 1982 αὑτὸν
984 1963 1079 1990 πατρί
1095 1953 1176 1981 κατὰ
1193 1952 1249 1983 τὰς
1265 1954 1392 1991 ’γραφάς
1409 1953 1540 1990 (Hahn,

871 1995 980 2033 Symb.
999 2006 1028 2035 p.
1055 1994 1145 2034 124):
1171 1995 1280 2026 where
1303 2006 1366 2026 one
1391 1997 1543 2028 observes

872 2038 941 2068 that
961 2038 1016 2068 the
1033 2043 1115 2068 term
1131 2041 1157 2069 θ.
1179 2039 1213 2068 ἐκ
1232 2039 1325 2069 θεοῦ
1319 2050 1345 2069 is
1362 2040 1540 2070 evacuated

872 2081 909 2112 of
922 2082 961 2111 its
980 2081 1036 2111 lull
1054 2082 1208 2122 meaning
1225 2082 1266 2121 by
1284 2082 1324 2112 its
1340 2089 1487 2113 context.

916 2125 955 2154 [ὁ.
1006 2133 1049 2154 ne
1080 2126 1110 2154 si
1141 2133 1210 2155 non
1233 2128 1269 2155 et
1292 2126 1391 2164 deus]
1417 2126 1541 2157 other-

875 2167 963 2201 wise
982 2167 1009 2197 if
1031 2168 1083 2198 He
1100 2168 1216 2198 should
1239 2169 1280 2199 be
1303 2168 1404 2199 found
1428 2174 1485 2200 not
1509 2174 1542 2200 to

875 2211 914 2241 be
948 2211 1034 2246 God,
1067 2211 1162 2241 when
1196 2212 1250 2242 He
1282 2212 1308 2242 is
1335 2212 1372 2242 of
1399 2213 1487 2248 (jod,
1518 2213 1543 2243 it

874 2254 1003 2284 follows
1032 2255 1084 2284 He
1112 2255 1137 2284 is
1164 2260 1221 2285 not
1249 2265 1325 2285 man
1351 2255 1467 2292 either,
1497 2256 1541 2286 al-

876 2297 1001 2337 though
1024 2298 1078 2327 He
1101 2297 1141 2328 be
1161 2297 1198 2327 of
1216 2308 1302 2335 man,
1326 2299 1390 2328 and
1414 2299 1488 2329 thus
1510 2299 1543 2329 in

875 2341 978 2371 either
1009 2346 1123 2371 nature
1158 2341 1240 2371 both
1276 2352 1330 2372 are
1369 2347 1400 2372 at
1436 2342 1540 2379 stake,

875 2384 930 2415 the
950 2394 1012 2414 one
1033 2384 1131 2424 being
1152 2385 1276 2424 proved
1300 2391 1332 2415 to
1354 2385 1438 2416 have
1459 2386 1544 2417 been

875 2427 1073 2457 discredited
1106 2428 1147 2468 by
1179 2427 1248 2466 [the
1280 2428 1466 2459 overthrow
1497 2429 1544 2467 of]

875 2470 931 2501 the
947 2469 1064 2500 others

924 2522 972 2555 19.
1003 2515 1177 2544 hominem
1190 2516 1265 2545 Chr.
1282 2515 1410 2553 Iesum]
1428 2525 1439 2545 1
1454 2515 1541 2546 Tim.

876 2567 897 2587 11
916 2568 945 2596 5.

982 862 1171 911 quoniam
1200 877 1273 901 nec
1294 863 1358 901 dei
1385 871 1538 902 tantum
1563 875 1608 899 10
