1727 2734
180 502 198 538 5

156 830 201 853 10

153 1475 200 1499 20

218 124 276 163 60
775 135 844 165 No
853 135 909 164 VA
919 133 1066 164 TJANJ

1504 138 1624 177 [xvn

220 231 368 269 scilicet
395 229 471 276 dei,
493 236 570 278 per
593 242 701 277 quem
720 228 831 277 facta
859 233 954 265 sunt
978 229 1117 275 omnia,
1146 234 1183 266 et
1204 230 1284 267 sine
1309 243 1383 278 qno
1398 230 1553 279 sactum
1575 237 1631 269 est

220 296 329 334 m'lzil.
403 296 480 332 hoc
510 302 643 331 autem
674 293 841 330 uerbum
877 305 967 330 caro
998 293 1144 330 factum
1180 302 1249 341 est,
1282 302 1320 332 et
1354 295 1546 333 habitauit
1584 295 1625 333 in

220 359 354 398 nobis:
397 371 488 408 ergo
523 358 704 397 Christus
743 366 801 396 est
836 359 944 396 deus.
1008 371 1078 408 per
1112 358 1314 397 Christum
1352 359 1467 410 igitur
1500 362 1626 399 homo

221 427 346 463 factus
396 432 465 469 est,
515 431 558 460 ut
607 436 677 473 per
725 422 789 461 dei
839 422 975 460 filium.
1054 424 1124 461 sed
1173 424 1272 461 deus
1320 424 1524 463 hominem
1572 427 1624 464 ad

221 489 433 539 imaginem
472 488 538 526 dei
575 487 666 526 fecit
676 502 685 534 3
727 489 825 525 deus
865 495 923 525 est
961 501 1053 538 ergo
1092 488 1159 538 qui
1201 489 1292 527 fecit
1330 489 1535 528 hominem
1571 491 1624 529 ad

220 554 433 604 imaginem
458 553 547 599 dei;
576 554 674 591 deus
699 566 791 602 ergo
820 552 1000 591 Christus
1025 560 1093 591 est.
1151 561 1193 591 ut
1218 553 1356 592 merito
1383 567 1457 592 nec
1481 554 1625 592 ueteris

221 618 447 658 testamenti
468 617 570 656 circa
590 630 800 667 personam
823 617 969 656 Christi
989 617 1145 656 uacillet
1165 618 1387 666 auctoritas,
1410 620 1507 657 dum
1529 619 1626 657 noui

220 684 447 723 testamenti
476 682 793 722 manifestatione
824 682 991 731 fulcitur,
1024 697 1098 722 nec
1131 684 1225 722 noui
1255 685 1481 723 testamenti
1511 685 1626 724 inter-

222 758 336 800 cepta
363 750 411 788 sit
442 756 627 799 potestas,
662 750 757 786 dum
790 748 988 786 radicibus
1017 749 1160 787 ueteris
1192 750 1418 788 testamenti
1447 750 1626 789 eiusdem

221 815 356 852 nititur
383 814 535 852 ueritas.
595 827 642 851 ex
672 826 762 862 quo,
793 813 861 863 qui
892 813 1104 861 Christum,
1129 814 1193 852 dei
1222 815 1347 852 filium
1374 823 1413 854 et
1439 815 1623 863 hominis,

220 879 500 916 tantummodo
545 887 803 928 praesumunt
848 878 1064 925 hominem,
1105 892 1186 917 non
1232 888 1270 918 et
1316 881 1446 927 deum,
1489 889 1627 919 contra

221 951 501 982 testamentum
537 952 575 981 et
610 951 724 981 uetus
759 951 797 980 et
832 956 982 980 nouum
1016 943 1175 990 faciunt,
1210 945 1306 982 dum
1338 952 1377 983 et
1413 945 1557 984 ueteris
1587 953 1626 984 et

220 1009 314 1047 noui
341 1007 568 1046 testamenti
594 1008 867 1046 auctoritatem
892 1007 1178 1058 ueritatemque
1199 1017 1466 1059 corrumpunt.

265 1091 268 1092 ⁷
303 1073 412 1121 Quid
434 1072 465 1110 si
489 1072 596 1110 idern
627 1074 787 1121 Moyses
814 1071 962 1121 ubique
988 1071 1204 1111 introducit
1231 1074 1351 1111 deum
1379 1082 1529 1124 patrem
1558 1074 1628 1112 im-

221 1151 404 1177 mensum
424 1145 543 1187 atque
564 1137 648 1175 sine
665 1138 753 1183 fine,
779 1150 859 1175 non
876 1136 944 1186 qui
959 1138 1049 1175 loco
1071 1138 1262 1183 cludatur,
1285 1139 1355 1176 sed
1376 1138 1443 1188 qui
1464 1152 1626 1178 omnem

220 1205 352 1241 locum
374 1204 524 1241 cludat:
555 1215 629 1240 nec
649 1215 741 1240 eum
763 1201 829 1251 qui
850 1201 889 1239 in
907 1203 996 1240 loco
1014 1202 1073 1249 sit,
1092 1204 1161 1241 sed
1182 1203 1313 1252 potius
1334 1205 1373 1241 in
1395 1217 1475 1254 quo
1495 1205 1626 1243 omnis

220 1270 330 1306 locus
352 1268 417 1306 sit:
448 1268 582 1305 omnia
607 1267 879 1305 continentem
909 1275 946 1306 et
967 1276 1109 1306 cuncta
1130 1270 1393 1318 complexum,
1416 1277 1458 1307 ut
1484 1270 1626 1308 merito

221 1346 294 1371 nec
316 1333 533 1371 descendat
554 1345 628 1370 nec
648 1333 848 1377 ascendat,
867 1331 1055 1381 quoniam
1076 1332 1160 1382 ipse
1181 1333 1316 1370 omnia
1336 1341 1374 1372 et
1395 1334 1573 1373 continet
1588 1343 1628 1374 et

219 1397 380 1447 implet:
412 1405 450 1435 et
480 1405 613 1434 tamen
640 1395 898 1434 nihilominus
925 1395 1139 1435 introducit
1167 1397 1287 1435 deum
1315 1399 1626 1437 descendentem

220 1462 271 1498 ad
292 1468 437 1498 turrem
465 1473 584 1508 quam
611 1459 876 1497 aedificabant
899 1459 964 1496 filii
991 1459 1212 1505 hominum,
1236 1460 1485 1499 considerare
1511 1475 1628 1511 quae-

221 1530 384 1569 rentem,
409 1531 445 1559 et
467 1521 686 1559 dicentem:
710 1522 834 1558 uenite
849 1526 886 1557 et
904 1534 994 1558 mox
1013 1522 1284 1564 descendamus,
1299 1527 1336 1558 et
1351 1523 1628 1571 cmgfundamus

699 1624 738 1645 20
762 1614 968 1645 considerate
984 1615 1066 1644 coni.
1087 1615 1159 1645 We.

1000 1691 1040 1721 ib.
1093 1692 1306 1730 intercepta]
1347 1695 1353 1707 ‘
1367 1693 1583 1725 undermined
1597 1695 1624 1731 ’;

958 1744 1009 1774 cp.
1028 1745 1060 1775 p.
1080 1734 1129 1774 63.
1157 1745 1193 1773 14
1212 1739 1268 1765 ‘ne
1287 1736 1466 1767 maiestatis
1482 1737 1624 1778 ipsius..

957 1776 989 1808 fu
1006 1788 1084 1808 vore
1109 1778 1260 1819 intercipi
1292 1778 1418 1819 possit.‘
1464 1780 1532 1811 For
1561 1781 1627 1813 this

267 1706 294 1735 7.
356 1693 557 1732 personam]
615 1692 804 1733 equis-alent
855 1690 892 1721 of

222 1740 398 1769 ὑπόστασις
435 1737 468 1767 in
500 1737 555 1767 the
588 1736 698 1767 Greek
738 1735 887 1765 Fathers.

221 1782 283 1822 Cp.
310 1782 473 1812 Westcott
495 1791 536 1810 on
562 1780 667 1810 Hebr.
692 1779 702 1809 i
727 1788 756 1818 3,
780 1779 889 1808 where

220 1825 373 1855 however
406 1821 580 1854 ὑπόστασις
607 1823 666 1852 has
691 1821 747 1852 the
774 1821 890 1852 earlier

220 1879 313 1899 sense
325 1868 462 1899 ofoiraia
481 1865 649 1897 ‘essence'
670 1865 781 1905 (Yulg.
797 1865 888 1894 ‘sub-

220 1911 406 1942 stantiae’l.
456 1910 528 1940 The
556 1910 638 1940 later
666 1919 723 1939 use
749 1918 889 1949 appears

220 1956 253 1985 in
292 1955 348 1986 the
384 1953 621 1994 Cappadocian
658 1951 799 1982 formula
833 1952 889 1988 μία

220 1999 311 2029 οὐσία
344 1999 375 2028 ἐν
407 1998 509 2036 τρισὶν
539 1993 765 2026 ὑποστάσεσιν.
828 1994 890 2025 See

224 2042 350 2072 Introd.
376 2042 426 2080 ἓ)-
452 2051 495 2071 on
523 2037 689 2070 ‘Person-⁷

266 2086 295 2115 8.
342 2083 643 2121 manifestatione]
668 2080 890 2118 ‘revelation‚'

220 2139 264 2160 sc.
298 2129 335 2159 of
357 2128 476 2160 Christ.
527 2126 608 2156 This
636 2126 662 2156 is
690 2125 827 2166 parallel
854 2130 888 2155 to

219 2173 274 2203 the
291 2172 407 2212 saying
423 2170 460 2201 of
479 2169 665 2210 Augustine
685 2169 829 2209 (Quaest.
849 2177 887 2208 73

219 2217 256 2246 in
281 2214 402 2255 Exod.)
431 2216 573 2244 ‘nouum
598 2218 830 2243 testamentum
855 2211 888 2241 in

218 2264 329 2290 uetere
346 2258 437 2293 latet,
455 2263 549 2288 uetus
571 2263 593 2287 t.
614 2256 647 2286 in
669 2266 758 2286 nouo
780 2254 888 2295 patet'

219 2302 284 2333 and
298 2302 330 2332 in
344 2302 395 2332 his
408 2302 445 2332 de
465 2300 588 2331 Cateclc.
603 2299 782 2336 Rudibnsg
798 2300 815 2329 8
837 2298 889 2328 ‘in

220 2346 325 2376 ueteri
342 2351 364 2376 t.
383 2351 432 2376 est
449 2343 628 2375 occultatio
644 2343 733 2377 noui,
751 2342 784 2372 in
802 2352 890 2372 nouo

219 2394 243 2420 t.
262 2396 310 2420 est
327 2387 549 2418 manifestatio
571 2384 713 2417 ueteris.'
762 2385 791 2416 It
809 2386 834 2416 is
856 2391 890 2416 to

219 2433 261 2463 be
278 2431 480 2463 understood
502 2441 544 2461 on
562 2430 618 2460 the
635 2429 797 2470 principle
819 2428 891 2459 that

220 2475 423 2515 throughout
471 2473 525 2504 the
571 2473 665 2503 Bible
708 2472 818 2504 Christ
865 2472 892 2502 is

219 2518 386 2561 preached
405 2518 501 2557 (Rev.
520 2517 571 2547 xix
594 2516 656 2555 10).

959 1831 1015 1851 use
1032 1821 1069 1851 of
1081 1821 1135 1851 the
1153 1821 1244 1851 word
1262 1832 1313 1862 cp.
1338 1822 1422 1852 Plin.
1443 1824 1566 1865 Paneg.
1587 1834 1625 1864 75

962 1865 1066 1905 ‘quae
1089 1875 1157 1900 uos,
1183 1875 1223 1895 ne
1246 1875 1311 1906 qua
1335 1865 1543 1908 interciperet
1568 1869 1626 1899 ob—

959 1907 1050 1943 liuio,
1069 1907 1102 1938 in
1119 1914 1192 1938 acta
1210 1909 1371 1939 mittenda
1388 1911 1583 1941 censuistis.'

1007 1961 1055 1991 15.
1110 1959 1181 1982 non
1219 1953 1281 1988 qui
1328 1954 1403 1983 loco
1449 1955 1628 1994 cludatur]

959 2004 1127 2034 expresses
1153 1994 1208 2025 the
1236 1995 1393 2026 attribute
1425 1996 1627 2037 ‘incompre-

958 2037 1123 2068 hensible'
1151 2037 1220 2075 (Gk
1244 2039 1419 2077 ἀχώρητος,
1446 2040 1518 2071 Lat.
1551 2041 1627 2072 ‘im-

959 2091 1089 2112 mensus
1100 2080 1122 2119 ⁷)
1140 2081 1177 2111 of
1189 2081 1244 2112 the
1265 2082 1469 2123 Quicumque
1485 2085 1573 2114 uult.

1004 2135 1018 2154 2
1029 2134 1052 2155 1.
1095 2126 1214 2155 uenite
1225 2128 1261 2155 et
1271 2133 1351 2156 mox
1363 2128 1627 2167 descendamus]

959 2167 1043 2199 Gen.
1076 2168 1108 2198 xi
1138 2177 1166 2206 7.
1225 2168 1297 2199 The
1322 2169 1429 2200 words
1461 2171 1511 2201 ‘et
1535 2171 1628 2202 mox'

959 2217 1089 2251 present
1102 2222 1121 2241 a
1134 2211 1304 2252 difficulty.
1339 2212 1494 2245 Previous
1504 2214 1628 2246 editors

958 2254 1042 2285 have
1076 2255 1207 2295 printed
1246 2255 1336 2286 them
1373 2266 1409 2286 as
1444 2256 1521 2288 N.'s
1552 2268 1627 2288 own

959 2297 1079 2333 words,
1091 2298 1278 2339 separating
1293 2298 1434 2330 ‘uenite’
1451 2299 1533 2330 from
1556 2301 1627 2332 ‘de-

958 2340 1170 2372 scendamus'
1195 2341 1228 2372 in
1253 2341 1349 2372 order
1375 2347 1409 2372 to
1440 2343 1628 2384 emphasize

960 2384 1015 2415 the
1042 2383 1107 2415 fact
1131 2384 1201 2415 that
1227 2384 1337 2415 others
1360 2395 1414 2416 are
1440 2385 1564 2418 invited
1593 2394 1627 2419 to

960 2437 1164 2468 accompany
1195 2428 1249 2458 the
1287 2428 1436 2468 speaker.
1495 2430 1557 2460 But
1594 2431 1627 2462 in

961 2471 1031 2502 that
1054 2481 1127 2501 case
1151 2481 1199 2501 we
1218 2471 1336 2501 should
1358 2471 1442 2502 have
1465 2475 1626 2514 expected

961 2515 994 2544 in
1012 2514 1033 2544 1.
1051 2513 1071 2545 6
1088 2514 1182 2555 iufra
1199 2521 1232 2545 to
1250 2515 1326 2545 read
1344 2515 1464 2556 simply
1485 2517 1625 2556 ‘uenite‚
