1727 2734
118 454 136 491 5

96 783 141 807 10

99 1437 146 1462 20

157 77 180 117 8
714 85 782 116 No
793 85 848 115 VA
859 85 938 115 TJA
943 85 1005 115 NJ
1505 85 1559 124 [11

158 195 352 226 sermone,
371 194 444 219 nec
462 180 565 219 edici
582 179 725 229 possit:
754 192 804 217 ne
821 178 853 216 si
868 177 1040 228 potuerit
1055 177 1167 225 edici,
1187 179 1363 216 humano
1379 190 1562 216 sermone

158 249 288 287 minor
304 247 362 294 sit,
382 260 472 297 quo,
492 259 583 283 cum
606 244 782 290 edicitur,
802 251 839 282 et
856 243 1051 282 circumiri
1072 251 1110 282 et
1130 243 1262 294 colligi
1281 243 1415 294 possit.
1457 243 1564 293 quic-

158 313 255 363 quid
276 312 382 352 enim
404 313 454 350 de
474 311 541 348 illo
557 309 772 359 cogitatum
789 309 914 355 fuerit,
934 308 1065 347 minus
1080 309 1167 360 ipso
1188 309 1282 348 erit:
1312 317 1351 348 et
1371 308 1563 359 quicquid

159 379 409 418 enuntiatum
437 376 562 421 fuerit,
594 375 723 413 minus
750 375 817 412 illo
842 382 1115 424 comparatum
1141 375 1288 414 circum
1319 375 1449 425 ipsum
1478 376 1561 413 erit.

160 444 302 483 sentire
323 443 429 482 enim
457 442 567 480 illum
589 440 698 478 taciti
717 440 966 490 aliquatenus
987 453 1198 490 possumus
1212 455 1222 487 3
1251 448 1294 478 ut
1320 448 1453 479 autem
1480 440 1564 490 ipse

160 517 228 556 est,
252 521 435 547 sermone
455 506 649 557 explicare
670 518 750 543 non
774 518 998 555 possumus.
1057 504 1140 542 siue
1160 504 1266 543 enim
1291 505 1401 543 illum
1422 504 1564 543 dixeris

159 577 301 621 lucem,
339 581 557 612 creaturam
593 571 714 621 ipsius
748 572 870 621 magis
905 584 1023 620 quam
1062 569 1192 620 ipsum
1227 570 1395 618 dixeris3
1433 570 1564 620 ipsum

161 652 242 677 non
272 636 528 688 expresseris:
565 635 648 674 siue
675 635 784 672 illum
814 634 955 673 dixeris
976 634 1171 681 uirtutem,
1199 634 1419 685 potentiam
1443 634 1566 684 ipsius

162 703 285 754 magis
330 715 449 752 quam
494 701 623 751 ipsum
668 700 810 739 dixeris
854 708 892 738 et
937 698 1251 749 deprompseris:
1300 699 1383 738 siue
1423 699 1566 738 dixeris

162 768 421 813 maiestatem,
447 768 638 805 honorem
665 765 788 815 ipsius
809 765 932 815 magis
960 778 1079 815 quam
1104 764 1214 802 illum
1241 764 1371 814 ipsum
1398 764 1568 814 descrip-

162 833 266 873 seris.
327 840 364 870 et
392 831 488 881 quid
518 844 586 881 per
610 830 762 880 singula
787 843 969 880 quaeque
997 843 1226 880 percurrens
1253 831 1415 879 longum
1440 829 1568 868 facio?

163 899 285 938 semel
302 906 429 936 totum
446 896 676 946 explicabo:
708 894 899 945 quicquid
915 895 1081 933 omnino
1105 896 1155 934 de
1176 895 1243 933 illo
1263 895 1468 939 rettuleris,
1483 909 1567 934 rem

162 963 336 1013 aliquam
371 962 492 1013 ipsius
528 961 650 1011 magis
685 969 723 999 et
754 960 951 1008 uirtutem,
984 974 1102 1011 quam
1138 961 1268 1011 ipsum
1300 961 1565 1011 explicaueris.

164 1029 261 1079 quid
281 1029 387 1068 enim
409 1029 458 1066 de
479 1041 527 1066 eo
548 1027 746 1077 condigne
770 1035 837 1064 aut
864 1026 984 1072 dicas,
1011 1034 1078 1064 aut
1104 1026 1260 1074 sentias,
1289 1026 1357 1076 qui
1382 1026 1569 1065 omnibus

164 1105 202 1134 et
232 1094 481 1134 sermonibus
515 1102 553 1132 et
585 1092 766 1131 sensibus
797 1091 921 1130 maior
950 1093 1037 1130 est?
1094 1091 1168 1130 nisi
1197 1093 1307 1142 quod
1336 1106 1417 1130 uno
1448 1093 1569 1130 modo

165 1160 220 1210 (et
248 1161 324 1198 hoc
352 1159 481 1209 ipsum
509 1171 588 1208 quo
617 1158 738 1195 modo
766 1170 988 1207 possumus,
1015 1170 1094 1206 quo
1123 1159 1245 1196 modo
1274 1157 1462 1207 capimus,
1488 1170 1569 1207 quo

165 1226 288 1264 modo
326 1224 550 1274 intellegere
588 1222 678 1260 licet
691 1224 724 1271 ?)
760 1221 856 1271 quid
895 1221 943 1259 sit
982 1221 1080 1259 deus
1119 1230 1252 1260 mente
1284 1221 1496 1271 capiemus,
1538 1221 1569 1260 si

165 1289 469 1341 cogitauerimus
499 1288 540 1327 id
569 1287 678 1325 illum
709 1300 806 1332 esse,
837 1288 947 1337 quod
976 1288 1092 1336 quale
1119 1295 1157 1325 et
1187 1295 1378 1337 quantum
1410 1286 1458 1324 sit
1487 1300 1567 1326 non

165 1355 288 1406 possit
327 1353 511 1403 intellegi,
553 1365 626 1390 nec
665 1351 704 1389 in
749 1351 874 1401 ipsam
921 1351 1082 1400 quidem
1127 1351 1407 1401 cogitationem
1446 1353 1570 1401 possit

167 1420 310 1459 uenire.
370 1432 461 1456 nam
493 1417 524 1455 si
553 1418 604 1455 ad
632 1415 725 1454 solis
751 1424 955 1466 aspectum
983 1417 1188 1454 oculorum
1217 1423 1440 1454 nostrorum
1466 1416 1570 1455 acies

237 1540 247 1559 1
275 1539 316 1559 ne
333 1528 398 1558 dici
414 1527 517 1568 possit
535 1536 595 1557 ms.
615 1526 722 1556 XVow.
794 1524 879 1556 edici
895 1525 978 1555 coni.
1002 1524 1150 1555 Latinius
1159 1530 1223 1566 pro
1239 1525 1314 1555 dici.
1434 1535 1469 1566 17
1495 1526 1570 1558 licet

166 1584 236 1614 sine
253 1582 521 1622 interrogationis
538 1586 613 1611 nola
630 1580 705 1611 edd.

213 1694 242 1714 2.
283 1684 319 1712 et
335 1682 511 1712 circumiri
527 1683 563 1711 et.
579 1680 710 1717 colligi]
731 1682 779 1709 ‘10
796 1679 837 1709 be

906 1677 1034 1717 ceiving
1051 1677 1088 1707 of
1101 1677 1174 1708 God
1200 1677 1225 1707 is
1247 1683 1280 1707 to
1301 1677 1406 1708 affirm
1427 1678 1497 1709 that
1516 1679 1571 1710 He

168 1725 436 1767 comprehended
454 1724 518 1754 and
535 1723 692 1763 gathered
711 1724 777 1763 t1p.‘
908 1722 912 1726 '

906 1731 932 1751 is
960 1720 1216 1751 inconceivable.
1269 1721 1423 1752 l’revious
1448 1722 1570 1753 editors

213 1783 243 1809 4.
290 1770 406 1799 minus
428 1769 489 1798 illo
511 1769 754 1803 comparatum
771 1768 834 1795 cir<

169 1822 248 1845 cum
281 1812 412 1850 ipsum]
449 1810 535 1840 ‘will
567 1810 607 1840 be
636 1810 836 1840 incommen-

169 1862 278 1888 surate
311 1855 390 1886 with
422 1854 476 1885 the
508 1863 659 1894 compass
698 1852 735 1883 of
771 1852 835 1882 His

170 1898 291 1940 being.'

213 1944 243 1975 6.
305 1944 380 1972 siue
425 1942 517 1971 enim
559 1941 662 1970 illum
706 1940 836 1969 dixeris

168 1986 340 2024 lucem...]
379 1985 478 2015 taken
516 1983 599 2013 from
631 1982 837 2023 Theophilus

170 2029 326 2061 Antioch.
347 2028 357 2058 i
382 2039 398 2068 3
423 2029 448 2057 εἰ
470 2028 533 2066 γὰρ
549 2027 615 2065 φῶς
632 2027 726 2056 αὑτὸν
745 2028 835 2059 εἴπω,

171 2076 291 2110 ποίημα
315 2073 410 2102 αὐτοῦ
433 2073 521 2101 εἴπω.

218 2127 266 2147 12.
312 2114 618 2151 rem...uirtutem]
639 2114 745 2143 ‘some
763 2123 835 2152 pos-

170 2160 293 2191 session
309 2169 345 2189 or
361 2156 488 2188 virtue)
540 2156 615 2187 God
637 2156 669 2186 in
693 2156 841 2186 Himself

170 2202 361 2234 transcends
388 2201 432 2231 all
460 2201 583 2230 human
607 2199 746 2239 thought
771 2199 836 2229 and

171 2248 343 2287 language,
386 2245 450 2275 and
490 2254 550 2274 can
590 2243 666 2282 only
703 2243 743 2273 be
780 2243 835 2272 de·

170 2290 299 2320 scribed
325 2288 467 2327 through
493 2287 556 2317 His
578 2286 771 2317 attributes:
804 2286 836 2315 in

173 2332 321 2364 Himself
346 2332 400 2362 He
424 2331 449 2361 is
477 2330 706 2360 unthinkable.

220 2376 267 2407 16.
315 2378 350 2405 et
372 2377 436 2405 hoc
459 2374 717 2411 ipsum...iioet]
764 2372 836 2403 The

171 2419 322 2461 question
340 2419 417 2457 only
435 2417 592 2447 indicates
613 2416 667 2447 the
689 2416 834 2457 paradox

171 2463 207 2494 of
223 2462 336 2503 saying
353 2461 423 2491 that
445 2471 503 2490 our
524 2460 602 2499 only
618 2470 689 2499 way
707 2459 744 2489 of
759 2469 834 2490 con-

906 1764 983 1795 take
1001 1764 1055 1794 the
1072 1764 1178 1794 words
1197 1774 1231 1793 as
1244 1775 1262 1794 a
1276 1764 1452 1795 limitation
1465 1765 1503 1796 of
1516 1766 1570 1796 the

905 1813 1081 1838 statement
1108 1807 1319 1848 ‘capielnus‚’
1344 1811 1428 1849 ‘quo
1450 1809 1570 1839 modo'

906 1851 1061 1891 meaning
1078 1854 1132 1881 ‘as
1150 1850 1197 1880 sar
1213 1850 1271 1881 as.’

952 1905 1002 1926 20.
1051 1893 1105 1924 ‘If
1132 1893 1187 1924 the
1220 1893 1323 1924 vision
1349 1894 1385 1924 of
1413 1894 1467 1926 the
1495 1906 1571 1935 eyes

906 1938 1021 1978 begins
1046 1942 1079 1968 to
1107 1937 1162 1967 fail
1187 1947 1224 1967 us
1253 1937 1284 1967 in
1310 1937 1491 1979 beholding
1515 1939 1570 1969 the

906 1991 976 2015 sun,
998 1992 1034 2011 so
1058 1980 1127 2011 that
1153 1980 1236 2010 their
1258 1991 1336 2021 gaze
1363 1987 1483 2012 cannot
1507 1990 1571 2013 rest

906 2034 948 2054 on
977 2024 1032 2055 the
1060 2025 1119 2054 orb
1147 2024 1242 2060 itself,
1270 2025 1503 2065 overpowered
1529 2026 1571 2066 by

906 2067 961 2098 the
986 2067 1095 2108 bright
1126 2078 1199 2107 rays
1230 2067 1298 2098 that
1331 2074 1417 2098 meet
1448 2069 1482 2106 it,
1512 2079 1571 2099 our

906 2111 1029 2141 mental
1056 2111 1161 2141 vision
1189 2111 1372 2151 undergoes
1399 2111 1454 2142 the
1481 2122 1571 2143 same

906 2155 1100 2195 experience
1116 2154 1149 2184 in
1166 2154 1209 2183 all
1228 2164 1285 2184 our
1302 2154 1456 2195 thinking
1470 2156 1569 2186 about

907 2198 1005 2229 God:
1030 2198 1094 2227 and
1111 2197 1166 2227 the
1189 2208 1279 2227 more
1300 2198 1323 2228 it
1346 2204 1571 2229 concentrates

906 2241 1051 2272 itselson
1068 2241 1123 2271 the
1140 2241 1399 2281 contemplation
1423 2241 1460 2271 os
1480 2242 1567 2278 God,

907 2284 962 2316 the
984 2295 1075 2315 more
1097 2285 1122 2314 is
1146 2284 1168 2314 it
1191 2284 1326 2314 blinded
1350 2284 1393 2324 by
1410 2285 1465 2314 the
1487 2285 1569 2325 light

906 2327 943 2358 of
967 2329 1007 2358 its
1033 2338 1107 2358 own
1132 2326 1294 2367 thought.'
1340 2327 1412 2357 The
1440 2327 1513 2358 idea
1544 2329 1570 2358 is

905 2371 975 2445 {hag
993 2371 1060 2427 qfa
1077 2370 1167 2401 mind
1193 2370 1291 2401 ‘dark
1312 2370 1389 2400 with
1410 2381 1521 2401 excess
1538 2371 1575 2402 os

918 2425 950 2455 lg
976 2420 997 2445 t.
