1727 2734
200 122 253 164 72
755 124 889 154 NOVA
901 123 1046 154 TJANl
1500 123 1599 161 [XIX

197 222 309 267 enim,
332 219 470 269 inquit,
492 220 600 256 deum
609 219 714 266 facie
733 218 952 266 adfaciem,
975 223 1011 255 et
1027 219 1140 255 salua
1151 218 1262 266 facta
1282 223 1335 254 est
1353 218 1486 254 anima
1508 230 1597 254 mea.

198 285 297 323 uidit
317 292 450 322 autem
472 284 604 329 deum,
628 297 718 321 cum
741 296 821 332 quo
842 284 1076 321 colluctatus
1098 291 1155 321 est
1176 282 1287 332 quasi
1307 296 1398 320 cum
1421 282 1600 321 homine:

197 351 268 389 sed
302 357 340 387 et
375 348 578 386 hominem
615 348 776 397 quidem
809 347 920 396 quasi
950 347 1076 385 uictor
1110 349 1247 393 tenuit,
1279 347 1600 386 benedictionem

197 421 329 452 autern
366 412 477 462 quasi
507 425 529 449 a
559 413 648 458 deo,
682 420 723 450 ut
754 411 922 459 inferior,
957 411 1183 461 postulauit.
1247 412 1300 450 ita
1334 426 1426 450 cum
1457 413 1534 450 deo
1563 419 1602 450 et

157 490 176 528 5
198 492 289 517 cum
310 477 473 516 homine
493 478 728 515 colluctatus
745 476 828 514 fuit.
884 489 929 514 ac
946 475 977 513 si
998 476 1225 514 colluctatio
1246 478 1343 515 haec
1364 476 1418 515 ibi
1438 476 1600 526 quidem

198 544 457 593 praefigurata
478 549 548 587 est,
566 541 605 579 in
622 541 830 591 euangelio
849 549 984 579 autem
1005 541 1105 579 inter
1126 542 1328 580 Christum
1345 550 1383 580 et
1404 544 1599 592 populum

199 608 322 646 Iacob
343 609 515 658 perfecta
541 615 611 652 est,
643 606 682 644 in
710 619 788 656 qua
814 606 1193 656 quamuis-populus
1221 606 1395 656 superior
1415 607 1601 645 inuentus

197 671 257 719 sit,
299 672 427 710 minor
465 680 640 721 repertus
678 680 736 709 est
775 672 871 709 dum
906 684 1056 709 nocens
1089 671 1371 721 comprobatus
1405 679 1473 718 est,
1515 671 1602 721 quis

197 737 395 776 dubitabit
417 737 630 783 Christum,
654 737 694 774 in
715 750 795 786 quo
816 738 914 774 haec
941 737 1230 775 colluctationis
1255 738 1377 787 figura
1403 739 1602 788 completa

131 819 177 842 10
197 811 266 849 est,
298 816 377 841 non
408 803 611 841 hominem
643 810 797 840 tantum
832 803 902 840 sed
936 810 974 840 et
1008 803 1129 840 deum
1167 815 1392 852 agnoscere,
1425 804 1602 852 quando-

197 868 360 918 quidem
381 869 584 907 hominem
606 869 716 906 illum
738 876 776 906 et
792 869 910 906 deum
933 868 1051 906 etiam
1073 869 1193 918 figura
1213 868 1297 918 ipsa
1312 867 1602 906 colluctationis

196 934 377 972 uideatur
397 933 707 983 comprobasse?

280 1001 329 1037 Et
357 1007 490 1036 tamen
520 998 638 1037 etiarn
667 1006 755 1048 post
783 999 881 1036 haec
908 1012 1035 1048 aeque
1062 1012 1142 1036 non
1169 1006 1295 1036 cessat
1316 999 1455 1036 eadem
1482 997 1600 1047 scrip-

196 1072 282 1102 tura
322 1064 459 1102 diuina
495 1065 678 1114 angelum
721 1064 841 1101 deum
881 1064 1022 1111 dicere,
1063 1072 1101 1102 et
1139 1065 1259 1102 deum
1297 1065 1481 1113 angelum
1515 1076 1601 1113 pro-

130 1143 172 1181 15
197 1130 387 1169 nuntiare.
447 1144 539 1168 nam
574 1143 665 1168 cum
703 1131 918 1168 Manassen
957 1138 1076 1180 atque
1111 1131 1286 1180 Ephrem
1317 1130 1417 1168 filios
1453 1131 1600 1180 Ioseph

197 1196 477 1234 benedicturus
516 1204 618 1234 esset
658 1196 722 1233 hic
761 1195 844 1245 ipse
885 1196 1018 1243 Iacob,
1052 1195 1282 1234 transuersis
1322 1209 1438 1245 super
1471 1195 1601 1245 capita

195 1275 406 1311 puerorum
443 1261 627 1299 manibus
665 1260 878 1307 collocatis,
915 1263 1014 1306 deus,
1056 1260 1193 1310 inquit,
1230 1262 1301 1310 qui
1324 1262 1455 1309 pascit
1487 1274 1542 1298 me
1575 1273 1599 1298 a

195 1327 389 1364 iuuentute
423 1339 503 1363 mea
539 1339 653 1374 usque
691 1327 732 1362 in
771 1326 872 1363 hunc
906 1327 1015 1370 (ilem,
1047 1327 1202 1373 angelus
1234 1326 1305 1374 qui
1334 1326 1515 1363 liberauit
1546 1338 1602 1362 me

194 1405 241 1428 ex
273 1392 443 1429 omnihus
478 1392 602 1435 malis,
638 1391 828 1427 benedicat
859 1396 997 1438 pueros
1029 1391 1104 1427 llos.
1165 1403 1290 1439 usque
1329 1391 1431 1428 adeo
1465 1397 1597 1428 autem

126 1471 174 1495 20
194 1458 367 1494 eundem
400 1457 584 1506 angelum
619 1455 742 1505 ponit,
780 1469 898 1505 quem
934 1457 1054 1494 deum
1089 1456 1248 1502 dixerat,
1278 1464 1320 1493 ut
1355 1455 1600 1505 singulariter

194 1521 233 1559 in
265 1521 369 1560 exitu
402 1521 593 1559 sermonis
625 1521 685 1559 sui
716 1521 890 1570 posuerit
924 1534 1133 1570 personam
1166 1522 1215 1559 de
1247 1534 1324 1570 qua
1350 1521 1595 1570 loquebatur,

194 1586 368 1625 dicendo
389 1588 577 1624 benedicat
593 1593 732 1635 pueros
757 1588 832 1624 llos.
893 1586 924 1624 si
953 1585 1059 1624 enim
1086 1587 1253 1624 alterum
1277 1586 1408 1632 deum,
1431 1586 1597 1624 alterum

192 1653 377 1701 angelum
405 1651 596 1690 uoluisset
616 1651 800 1701 intellegi,
819 1651 957 1701 plurali
979 1664 1144 1689 numero
1165 1651 1264 1688 duas
1284 1664 1473 1700 personas
1494 1664 1598 1689 com-

193 1718 328 1765 plexus
356 1717 508 1755 fuisset:
549 1730 655 1754 nunc
685 1716 800 1754 unius
830 1729 1022 1766 personae
1051 1715 1287 1765 singularem
1318 1729 1525 1754 numerum
1557 1716 1596 1755 in

124 1794 169 1831 25
193 1781 473 1820 benedictione
498 1781 708 1831 deposuit3
738 1795 785 1820 ex
806 1794 886 1830 quo
907 1782 1081 1820 eundem
1109 1782 1229 1819 deum
1260 1789 1379 1830 atque
1408 1783 1594 1831 angelum

193 1845 365 1895 intellegi
388 1846 523 1884 uoluit.
577 1847 646 1884 sed
668 1846 773 1884 enim
802 1847 900 1884 deus
921 1854 1031 1895 pater
1054 1846 1180 1895 accipi
1206 1859 1285 1884 non
1312 1853 1465 1895 potest:
1496 1847 1595 1884 deus

192 1918 324 1948 autem
365 1918 403 1948 et
441 1911 603 1960 angelus
643 1911 823 1950 Christus
861 1910 987 1960 accipi
1026 1918 1166 1960 potest.
1240 1924 1358 1960 quem
1398 1918 1440 1949 ut
1479 1911 1595 1950 huius

192 1975 482 2014 benedictionis
506 1984 708 2014 auctorem
730 1976 847 2014 etiam
876 1984 1116 2014 transuersas
1141 1989 1258 2025 super
1284 1988 1426 2026 pueros
1454 1989 1594 2014 manus

193 2041 317 2079 Iacob
338 2041 528 2090 ponendo
556 2040 800 2090 significauit,
825 2040 937 2090 quasi
958 2048 1068 2090 pater
1097 2041 1251 2078 illorum
1277 2048 1379 2079 esset
1400 2041 1592 2089 Christus,

256 2143 272 2171 5
298 2142 336 2162 ac
354 2131 400 2162 sic
425 2131 522 2162 edet:
548 2130 586 2171 cf.
615 2141 690 2161 uero
714 2140 769 2171 pp.
790 2140 839 2171 59.
862 2131 892 2167 S,
921 2130 974 2170 63.
994 2140 1044 2161 20.
1279 2141 1315 2170 14
1340 2136 1370 2162 et
1394 2136 1471 2162 ante
1495 2132 1593 2162 deum

187 2184 249 2214 ins.
281 2184 352 2214 We.
465 2193 501 2224 19
518 2183 691 2214 benedicat
710 2194 740 2223 p.
761 2183 822 2214 hos
838 2184 901 2213 ins.
925 2184 979 2214 Pa.
1000 2188 1124 2214 seculus
1142 2184 1195 2213 Fr.
1211 2183 1356 2224 Junium.
1484 2194 1521 2215 22
1547 2185 1592 2216 al-

188 2244 293 2269 terum
310 2238 410 2269 deum
426 2239 488 2269 ins.
511 2238 582 2268 We.

236 2322 283 2353 17.
332 2314 416 2344 Gen.
436 2314 526 2344 xlviii
548 2324 594 2353 15,
618 2313 664 2345 16.
926 2315 1099 2353 Christus]
1119 2315 1306 2356 ‘Implying
1319 2315 1387 2346 that
1400 2315 1510 2347 Christ
1525 2327 1591 2348 was

232 2367 282 2388 20.
330 2358 574 2395 singulariter]
601 2358 649 2387 ‘in
674 2357 728 2388 the
746 2357 854 2398 singu·
925 2358 1009 2389 their
1031 2357 1147 2394 father,
1174 2369 1210 2389 so
1238 2358 1308 2389 that
1332 2358 1374 2390 he
1397 2359 1514 2400 placed
1541 2360 1591 2391 his

186 2399 234 2430 lar
261 2399 425 2432 number.'
480 2402 546 2431 For
577 2401 791 2441 ‘personam’
820 2411 848 2432 v.
924 2401 1030 2432 hands
1055 2402 1086 2432 in
1112 2412 1130 2431 a
1151 2412 1223 2441 way
1247 2401 1316 2432 that
1340 2401 1590 2434 soreshadowed

188 2443 317 2474 Introd.
342 2445 358 2481 ἕ
381 2442 412 2475 6.
925 2445 980 2476 the
992 2445 1074 2475 form
1086 2445 1149 2475 and
1164 2444 1290 2475 sashion
1304 2444 1341 2475 of
1356 2445 1419 2476 His
1433 2447 1588 2486 passion.⁷

231 2496 281 2528 29.
328 2488 431 2524 quasi
457 2489 562 2524 pater
587 2489 730 2518 morum
760 2490 855 2518 esset.
924 2488 996 2519 The
1035 2488 1241 2529 subjunctive
1275 2489 1448 2529 ‘poneret'
1482 2489 1589 2521 shews
