1727 2734
140 148 204 188 VI]
560 149 631 179 DE
671 148 951 179 TRJNJTATE
984 148 1139 178 LIBER
1493 149 1539 177 21

138 241 262 291 possit
283 241 467 288 edicitur3
497 249 535 279 et
562 242 725 290 quando
750 242 884 290 pedes„
906 242 1016 290 quod
1043 240 1205 290 impleat
1232 241 1366 279 omnia
1398 256 1471 281 nec
1498 244 1546 283 sit

138 307 351 357 quicquam
383 307 450 346 ubi
481 320 560 344 non
590 306 637 344 sit
669 306 778 353 deus,
811 306 1036 356 explicatur.
1097 320 1227 357 neque
1256 307 1362 345 enim
1391 317 1482 347 sunt
1510 312 1545 348 ei

136 381 203 410 aut
225 373 401 411 membra
421 380 488 410 aut
510 372 777 410 membrorum
799 371 926 410 officia
947 372 1176 419 necessaria,
1199 373 1250 411 ad
1277 373 1388 412 cuius
1416 375 1544 414 solum

137 436 255 474 etiam
277 436 440 474 tacitum
461 436 664 474 arbitrium
686 444 723 474 et
744 437 919 475 seruiunt
939 444 977 474 et
997 437 1142 475 adsunt
1158 437 1303 475 onmia.
1353 451 1422 476 cur
1437 439 1543 477 enim

136 501 307 550 requirat
329 502 478 548 oculos,
502 501 569 551 qui
590 503 655 539 lux
676 503 762 540 est?
791 509 858 539 aut
879 515 947 539 cur
973 510 1134 551 quaerat
1154 503 1288 552 pedes,
1307 503 1373 553 qui
1396 504 1544 554 ubique
1565 515 1583 552 5

136 565 218 601 est?
238 572 305 602 aut
325 578 394 602 cur
411 564 561 614 ingredi
579 565 685 610 uelit,
703 577 794 602 cum
813 577 892 601 non
909 563 957 601 sit
979 577 1058 613 quo
1075 573 1181 602 extra
1197 578 1238 602 se
1254 565 1436 615 progredi
1457 580 1543 616 pos—

134 627 207 666 sit?
221 636 289 666 aut
305 642 374 666 cur
390 642 530 667 manus
546 637 714 679 expetat,
730 629 841 667 cuius
857 629 907 667 ad
924 629 1058 667 onmia
1074 629 1317 668 instituenda
1332 631 1468 670 artifex
1484 641 1542 671 est

134 701 172 732 et
200 693 318 731 silens
347 696 560 732 uoluntas?
618 708 691 732 nec
717 694 877 732 auribus
905 702 1002 744 eget,
1026 693 1093 744 qui
1120 693 1239 733 etiam
1266 695 1403 734 tacitas
1430 697 1541 735 nouit

134 760 371 798 uoluntates.
431 768 498 798 aut
532 767 691 810 propter
725 773 844 809 quam
880 772 1039 798 causam
1069 760 1243 810 linguam
1273 769 1444 810 quaerat,
1477 764 1540 801 cui

133 824 306 874 cogitare
335 825 493 864 iussisse
520 828 607 864 est?
664 827 883 864 necessaria
910 825 1016 864 enim
1044 826 1142 864 haec
1169 826 1347 864 membra
1374 827 1541 865 homini·
1565 839 1609 863 10

134 889 207 928 bus
229 891 398 936 fuerunt,
422 904 502 929 non
530 892 618 938 deo,
642 891 734 941 quia
762 891 940 929 inefficax
966 890 1138 928 hominis
1159 891 1369 929 consilium
1390 892 1537 938 fuisset,

133 954 207 992 nisi
238 954 462 1004 cogitamen
494 969 636 1005 corpus
667 955 885 1005 implesset3
923 956 999 993 deo
1028 963 1162 993 auten]
1195 968 1275 993 non
1306 958 1535 1004 necessaria,

131 1019 243 1058 euius
266 1021 512 1058 uoluntatem
534 1033 614 1058 non
636 1027 788 1058 tantum
810 1020 894 1058 sine
917 1019 1048 1069 aliqua
1073 1020 1278 1059 molitione
1305 1035 1424 1071 opera
1451 1023 1539 1061 sub-

131 1094 361 1136 sequuntur,
396 1087 466 1124 sed
500 1086 583 1136 ipsa
618 1087 748 1124 statim
789 1098 908 1135 opera
941 1098 1031 1123 cum
1065 1086 1269 1124 uoluntate
1303 1088 1535 1136 procedunt.

130 1159 306 1189 ceterum
345 1150 430 1200 ipse
469 1159 575 1189 totus
606 1152 756 1197 oculus,
791 1150 883 1200 quia
917 1158 1023 1188 totus
1054 1150 1180 1198 uidet3
1219 1159 1257 1189 et
1286 1159 1392 1191 totus
1421 1154 1534 1200 auris,
1564 1162 1604 1199 15

131 1217 223 1267 quia
244 1225 349 1256 totus
369 1217 501 1264 audit3
532 1225 570 1255 et
591 1225 697 1255 totus
719 1229 869 1263 manus,
894 1216 985 1266 quia
1006 1224 1111 1254 totus
1136 1225 1336 1266 operatum
1366 1227 1403 1257 et
1430 1227 1536 1257 totus

130 1294 211 1331 pes,
245 1281 336 1331 quia
370 1289 476 1319 totus
511 1281 660 1330 ubique
698 1289 768 1319 est.
827 1282 934 1319 idem
969 1280 1086 1327 enim,
1123 1281 1313 1332 quicquid
1348 1282 1445 1321 illud
1477 1291 1535 1322 est

130 1354 246 1394 totus,
269 1348 445 1396 aequalis
470 1355 540 1393 est,
563 1355 601 1385 et
621 1355 726 1385 totus
748 1346 896 1396 ubique
917 1354 986 1384 est.
1045 1360 1125 1385 non
1146 1347 1252 1385 enim
1280 1349 1400 1386 habet
1427 1348 1466 1386 in
1494 1362 1535 1387 se

129 1413 397 1451 diuersitatem
428 1412 499 1459 sui,
531 1411 722 1461 quicquid
752 1419 810 1449 est
844 1411 1019 1461 simplex.
1080 1425 1125 1450 ea
1159 1412 1263 1450 enirn
1299 1414 1463 1451 demum
1495 1413 1533 1452 in

129 1477 398 1515 diuersitatem
430 1476 698 1514 membrorum
728 1475 915 1522 recident,
938 1489 1039 1525 quae
1066 1476 1231 1514 ueniunt
1257 1491 1303 1515 ex
1330 1478 1534 1517 natiuitate
1557 1491 1603 1515 20

865 1619 972 1650 which
991 1630 1037 1650 we
1054 1626 1174 1651 cannot
1193 1631 1343 1660 presume
1360 1628 1393 1652 to
1410 1621 1530 1652 define.

864 1663 936 1693 The
967 1673 1057 1693 same
1089 1669 1175 1694 must
1216 1665 1255 1695 be
1288 1665 1343 1695 the
1375 1666 1531 1706 meaning

863 1706 951 1736 here.
1003 1707 1196 1747 ‘Aequalis'
1229 1718 1334 1739 seems
1365 1714 1399 1739 to
1432 1719 1528 1740 mean

866 1749 1090 1790 ‘unvarying,’
1110 1750 1180 1781 ‘the
1197 1761 1285 1782 same
1303 1751 1530 1792 throughout‚'

863 1793 913 1823 i.e.
949 1793 1085 1824 without
1114 1804 1179 1833 any
1209 1794 1465 1826 differentiation
1496 1795 1533 1826 of

177 1630 201 1652 1.
259 1622 351 1657 quod
377 1620 583 1658 impleat...]
619 1621 663 1651 ‘it
690 1621 715 1650 is
740 1630 793 1650 ex-

130 1665 262 1705 plained
280 1664 349 1694 that
371 1664 426 1694 He
452 1663 514 1693 fills
533 1663 577 1693 all
601 1663 711 1704 things
728 1663 793 1693 and

128 1708 198 1738 that
216 1707 271 1738 the
295 1707 388 1747 place
413 1707 492 1737 does
513 1712 569 1737 not
586 1707 669 1737 exist
687 1707 794 1737 where

129 1751 205 1782 God
223 1751 249 1781 is
266 1750 346 1781 not*

173 1808 201 1834 4.
266 1795 374 1824 etiam
404 1794 568 1831 tacitum]
601 1797 704 1824 ‘even
735 1803 792 1824 un-

129 1837 328 1878 expressed.’
862 1842 963 1876 parts.
1011 1837 1052 1867 N.
1082 1837 1199 1867 wishes
1225 1844 1258 1868 to
1287 1849 1343 1878 say
1372 1839 1441 1869 that
1473 1839 1528 1870 the

171 1882 213 1911 z'l).
259 1880 593 1918 senliunt..omnia.]
621 1880 671 1910 ΡΞ.
694 1880 792 1911 cxviii
862 1880 965 1910 entire
987 1890 1057 1910 suni
1076 1879 1113 1910 of
1126 1880 1229 1911 God’s
1247 1882 1345 1922 being
1362 1882 1529 1919 (however

129 1924 230 1963 (cxix)
249 1934 300 1965 91.
862 1923 946 1954 little
964 1934 1011 1953 we
1028 1934 1102 1962 may
1119 1924 1160 1954 be
1178 1924 1251 1955 able
1274 1930 1307 1955 to
1327 1926 1527 1957 understand

173 1978 200 2008 9.
253 1967 398 1998 ‘XVhose
429 1967 568 2007 thought
595 1967 621 1997 is
653 1977 671 1996 a
703 1978 791 1997 coni-

128 2009 251 2042 mand.’
299 2010 408 2040 Man‘s
439 2020 580 2051 purpose
611 2009 683 2040 fails
710 2010 748 2040 of
774 2021 792 2040 a

128 2054 239 2090 result,
270 2053 399 2084 ‘unless
423 2053 473 2083 his
497 2054 586 2092 body
613 2053 711 2083 fulfils
742 2053 792 2084 his

128 2096 311 2138 thought’:
347 2097 403 2127 the
434 2097 532 2127 result
572 2096 699 2127 follows
738 2097 792 2127 the

127 2141 195 2171 will
235 2140 272 2170 of
312 2140 387 2171 God
432 2140 569 2170 without
616 2150 655 2169 an
698 2139 792 2170 effort

130 2183 319 2224 (molilz'one)
367 2194 402 2213 or
449 2183 556 2214 rather
601 2183 730 2213 attend<
769 2184 791 2214 it

127 2227 407 2267 simultaneously.

175 2282 222 2302 12.
269 2269 480 2308 cogitamen]
505 2267 591 2306 ἅπαξ
614 2270 790 2307 εἰρημένονῑ

127 2315 182 2345 the
205 2313 350 2345 lexicons
369 2313 451 2344 refer
469 2319 502 2343 to
519 2313 700 2343 Tertullian
719 2313 790 2353 (sic)

126 2359 163 2388 de
185 2358 281 2388 Trin.
299 2356 328 2388 6.

174 2409 186 2431 1
196 2411 223 2440 7.
269 2402 362 2431 idem
374 2401 468 2430 enim
478 2399 556 2438 cet.]
587 2399 659 2430 The
672 2399 791 2440 phrase

129 2443 302 2485 ‘quicquid
332 2443 413 2474 illud
445 2449 492 2474 est
521 2442 625 2474 totus‘
653 2443 712 2474 has
737 2453 790 2474 oc-

127 2488 241 2520 curred
266 2487 389 2523 before,
417 2487 450 2517 in
474 2486 530 2517 the
555 2497 648 2517 sense
675 2486 713 2517 of
735 2486 790 2518 the

127 2530 307 2562 undivided
330 2530 452 2561 fulness
475 2529 514 2560 of
531 2530 587 2561 the
613 2530 787 2565 Godhead,

862 1967 950 1997 what
967 1967 1037 1997 that
1060 1978 1130 1997 sum
1153 1967 1191 2005 is)
1216 1968 1241 1998 is
1259 1969 1448 2009 vabsolutely
1465 1980 1527 2000 one

861 2010 926 2040 and
951 2010 1124 2050 incapable
1149 2011 1186 2041 of
1203 2011 1303 2052 being
1329 2012 1526 2043 distributed

861 2054 931 2084 into
946 2060 1044 2094 parts,
1058 2054 1122 2084 and
1135 2054 1160 2084 is
1172 2055 1294 2095 wholly
1305 2056 1522 2095 everywhere.

910 2107 955 2137 19.
1007 2097 1059 2127 ‘It
1091 2097 1116 2127 is
1152 2097 1230 2137 only
1270 2098 1362 2129 those
1401 2099 1523 2139 things,

861 2140 968 2170 which
987 2141 1128 2180 proeeed
1143 2140 1226 2170 froin
1239 2141 1326 2171 birth
1340 2147 1374 2172 to
1387 2142 1525 2173 dissolu-

862 2184 942 2217 tion‚
969 2183 1075 2213 which
1105 2184 1171 2214 will
1202 2184 1243 2215 be
1274 2185 1423 2216 resolved
1456 2186 1526 2217 into

861 2226 1018 2266 diversity
1039 2226 1076 2257 of
1093 2228 1257 2258 members
1274 2241 1280 2258 :
1306 2228 1399 2259 those
1415 2229 1526 2270 things

862 2270 969 2300 which
1001 2280 1055 2301 are
1081 2276 1137 2301 not
1166 2272 1349 2311 composite
1380 2283 1435 2303 are
1466 2284 1524 2304 un-

861 2313 1032 2344 conscious
1049 2314 1087 2344 os
1106 2314 1185 2344 such
1209 2314 1415 2346 diversities.’
1462 2316 1524 2357 Cp.

862 2357 912 2397 Bp
944 2357 1084 2387 Butler⁷s
1115 2362 1259 2388 contrast
1297 2358 1334 2389 of
1366 2359 1421 2390 the
1457 2360 1525 2390 ‘in-

860 2400 1031 2431 divisible’
1048 2401 1294 2432 consciousness
1315 2401 1352 2432 of
1371 2413 1430 2433 our
1451 2413 1526 2434 own

860 2443 1024 2474 existence
1063 2444 1142 2475 with
1180 2444 1236 2475 the
1275 2445 1524 2487 ‘discerptible’

860 2487 1009 2518 material
1025 2487 1116 2528 body
1133 2486 1177 2528 (A
1183 2488 1300 2529 nalogy
1319 2497 1328 2519 1
1348 2489 1383 2527 ἰ).
