1727 2734
159 475 179 510 (Ji

136 803 179 826 10

767 105 835 136 No
845 106 902 136 VA
913 106 1057 136 TlANl

211 105 260 143 14
1541 107 1608 146 [IV

287 197 368 235 Hic
412 210 503 246 ergo
547 210 701 246 semper
744 196 803 235 sui
847 204 905 235 est
948 197 1094 243 similis,
1136 211 1209 236 nec
1248 211 1289 236 se
1332 211 1521 248 umquam
1565 198 1606 236 in

202 263 354 313 aliquas
385 264 528 300 formas
558 261 673 300 uertit
702 269 769 300 aut
799 269 935 307 mutat,
967 275 1016 300 ne
1043 275 1112 311 per
1140 262 1457 301 immutationem
1486 262 1606 302 etiam

204 327 377 366 mortalis
412 340 497 365 esse
535 326 724 364 uideatur.
784 325 1006 364 immutatio
1038 326 1142 364 enim
1179 327 1449 365 conuersionis
1478 326 1607 378 portio

203 394 409 431 cuiusdam
446 391 795 441 comprehenditur
830 390 976 429 mortis.
1035 391 1126 429 ideo
1158 405 1231 430 nec
1260 392 1430 431 adiectio
1464 392 1504 429 in
1539 391 1606 429 illo

204 470 393 507 umquam
424 456 540 494 ullius
569 464 637 493 aut
666 455 785 505 partis
813 463 881 493 aut
916 455 1077 493 honoris
1106 456 1272 503 accedit,
1309 470 1359 495 ne
1392 456 1490 506 quid
1523 470 1607 494 um-

203 535 323 572 quam
365 522 539 571 perfecto
585 520 756 559 defuisse
795 520 998 567 uideatur3
1047 534 1120 559 nec
1158 521 1439 559 detrimentum
1478 521 1518 559 in
1557 534 1605 559 eo

201 587 363 637 aliquod
388 586 524 636 agitur,
554 599 603 624 ne
630 587 772 636 gradus
803 584 1050 623 mortalitatis
1078 594 1258 635 receptus
1288 600 1374 625 esse
1400 586 1604 624 uideatur:

202 653 271 690 sed
301 652 410 702 quod
440 659 509 696 est,
543 650 584 689 id
613 663 768 700 semper
797 658 866 696 est,
900 657 938 687 et
968 649 1034 698 qui
1065 658 1133 695 est,
1164 663 1318 699 semper
1347 650 1430 700 ipse
1460 658 1529 695 est,
1565 658 1604 689 et

201 716 326 766 qualis
361 724 430 761 est,
467 728 622 764 semper
656 716 742 752 talis
781 722 849 752 est.
923 727 1014 751 nam
1054 722 1092 752 et
1132 714 1375 753 incrementa
1413 715 1603 765 originem

201 790 431 827 monstrant,
469 789 507 819 et
545 780 781 818 detrimenta
820 787 986 817 mortem
1026 787 1145 829 atque
1183 779 1382 818 interitum
1421 781 1603 830 probant,

199 856 237 886 et
265 847 379 886 ideo:
409 860 478 894 ego,
507 846 570 892 ait,
600 859 682 882 sum
707 846 806 889 deus,
835 851 871 882 et
895 858 970 882 mm
996 858 1080 882 sum
1106 851 1284 891 mutatus,
1311 854 1456 885 statum
1488 860 1604 885 suum

199 921 339 951 tenens
373 924 539 961 semper,
573 912 668 948 dum
704 909 744 948 id
778 911 887 959 quod
922 918 1057 947 natum
1094 923 1173 948 non
1209 918 1278 958 est,
1311 911 1489 950 conuerti
1523 925 1604 950 non

199 985 339 1028 potest.
400 977 476 1014 hoc
511 976 617 1014 enim
653 976 691 1013 in
731 975 829 1025 ipso,
866 975 1057 1025 quicquid
1095 975 1192 1014 illud
1231 984 1360 1026 potest
1398 978 1507 1027 quod
1545 986 1605 1016 est

199 1044 308 1090 deus,
345 1055 501 1092 semper
539 1041 587 1079 sit
626 1055 788 1080 necesse
827 1049 896 1087 est,
939 1049 981 1078 ut
1020 1054 1175 1091 semper
1209 1041 1256 1079 sit
1295 1042 1403 1088 deus,
1444 1055 1605 1080 seruans

198 1121 284 1146 sese
311 1107 521 1145 uirtutibus
552 1106 642 1144 suis.
701 1114 739 1144 et
769 1106 860 1144 ideo
891 1105 1008 1144 dicit:
1039 1119 1101 1155 ege
1128 1119 1213 1143 sum
1242 1108 1312 1155 qui
1341 1120 1436 1144 sum.
1495 1108 1605 1156 quod

199 1173 304 1212 enim
327 1180 397 1217 est,
420 1172 510 1210 ideo
539 1173 615 1209 hoc
643 1172 762 1210 habet
784 1184 943 1217 nomen,
966 1171 1154 1220 quoniam
1176 1172 1344 1209 eandem
1366 1184 1521 1221 semper
1544 1171 1606 1209 sui

199 1238 352 1277 obtinet
378 1236 618 1287 qualitatem.
678 1235 902 1273 immutatio
928 1235 1033 1273 enim
1059 1236 1160 1273 tollit
1187 1236 1283 1274 illud
1305 1249 1453 1275 nomen
1477 1237 1603 1286 ‘quod

199 1305 302 1342 est⁷z
347 1302 538 1352 quicquid
575 1301 680 1339 enim
717 1301 934 1351 aliquando
973 1301 1149 1346 uertitur,
1185 1304 1348 1340 mortale
1384 1301 1606 1341 ostenditur

199 1370 275 1407 hoc
296 1368 382 1418 ipso
413 1368 522 1416 quod
552 1366 817 1404 conuertitur:
848 1366 993 1405 desinit
1023 1366 1127 1405 enim
1160 1380 1245 1405 esse
1273 1368 1381 1416 quod
1408 1368 1542 1414 fuerat,
1566 1374 1605 1406 et

198 1432 336 1483 incipit
357 1439 646 1481 consequenter
666 1444 751 1469 esse
772 1433 881 1480 quod
903 1445 983 1469 non
1005 1439 1096 1469 erat.
1158 1431 1305 1470 idcirco
1332 1439 1370 1470 et
1398 1432 1537 1470 merito
1564 1431 1603 1469 in

199 1499 276 1536 deo
315 1504 449 1534 manet
488 1509 643 1546 semper
681 1503 804 1534 status
838 1509 944 1541 suus,
980 1497 1075 1534 dum
1111 1497 1195 1534 sine
1229 1496 1467 1535 detrimento
1500 1510 1606 1535 com-

201 1562 429 1602 mutationis
460 1574 613 1611 semper
643 1560 702 1599 sui
732 1569 770 1600 et
800 1561 936 1599 similis
966 1568 1004 1599 et
1030 1560 1205 1611 aequalis
1232 1569 1301 1599 est.
1361 1563 1470 1611 quod
1497 1561 1603 1600 enim

684 1688 718 1717 ¹5
744 1683 775 1708 et
793 1678 824 1707 id
843 1678 931 1718 quod
948 1678 1033 1708 coni.
1053 1678 1123 1708 We.

247 1798 275 1819 2.
323 1787 392 1828 Jas.
411 1787 420 1816 i
443 1797 490 1825 17.

247 1842 276 1871 3.
330 1830 422 1860 ‘The
454 1829 629 1860 alteration
664 1828 800 1868 implied
833 1828 866 1858 in

202 1875 330 1914 change
357 1874 440 1904 srom
465 1883 528 1903 one
555 1872 650 1912 thing
673 1877 706 1902 to
730 1871 867 1902 another

203 1918 351 1949 involves
374 1927 392 1947 a
420 1916 559 1947 fraction
588 1915 624 1946 of
647 1915 734 1946 what
764 1914 867 1955 might

202 1962 243 1992 be
267 1961 372 1992 called
397 1959 519 1990 death.’

246 2004 276 2035 6.
323 2012 386 2034 nec
413 2005 662 2033 detrimentum
690 2002 754 2041 sq]
787 2002 868 2031 ‘nor

202 2048 229 2078 is
246 2048 337 2078 there
359 2058 421 2087 any
439 2046 589 2087 question
615 2045 652 2075 of
669 2045 866 2075 diminution

203 2092 235 2122 in
258 2091 352 2128 Him,
377 2092 437 2121 lest
462 2090 485 2120 it
507 2089 623 2120 should
647 2099 735 2119 seem
757 2089 828 2118 that
848 2099 866 2118 a

202 2141 275 2175 step
300 2140 335 2165 to
358 2133 526 2173 mortality
547 2133 612 2163 had
636 2132 721 2162 been
743 2130 865 2162 taken!

202 2179 364 2209 Absolute
399 2176 580 2217 perfectiori
619 2175 773 2206 excludes
811 2175 866 2206 the

203 2221 389 2262 possibility
402 2221 438 2250 os
450 2220 576 2260 change
592 2224 626 2249 to
643 2219 706 2249 less
723 2229 758 2248 or
775 2228 865 2249 more

203 2265 238 2295 os
251 2275 269 2295 a
286 2264 422 2305 quality.

246 2310 276 2339 8.
324 2310 416 2344 quod
440 2308 611 2342 est...qui
641 2306 866 2340 est...quaiis

201 2352 270 2390 est]
294 2351 359 2381 His
375 2360 518 2383 essenee,
534 2350 666 2384 Person,
680 2348 862 2379 attributes.

250 2405 298 2425 11,
347 2394 426 2423 Mal.
447 2393 479 2423 iii
498 2393 526 2423 6.

250 2449 296 2478 13.
343 2439 406 2467 hoc
423 2438 515 2467 enim
533 2437 571 2466 in
591 2435 681 2473 ipso]
731 2434 863 2465 ‘What-

201 2492 276 2513 ever
304 2490 431 2521 powers
458 2479 557 2519 Deity
585 2488 750 2519 possesses
778 2483 863 2509 must

940 1785 1062 1825 always
1086 1786 1127 1816 be
1150 1785 1183 1815 in
1209 1784 1316 1815 Him.'
1366 1784 1439 1815 The
1459 1790 1546 1816 want
1573 1785 1610 1816 of

939 1829 1082 1859 abstract
1122 1835 1221 1859 terms
1258 1827 1372 1858 makes
1413 1827 1467 1859 the
1507 1829 1604 1859 Latin

941 1872 1019 1902 bald
1041 1872 1105 1902 and
1127 1871 1283 1908 uncouth‚
1310 1871 1342 1901 in
1364 1876 1508 1902 contrast
1525 1872 1604 1902 with

942 1915 1064 1946 Greek.
1104 1916 1175 1945 The
1193 1915 1310 1955 phrase
1330 1915 1434 1954 ‘quod
1446 1921 1493 1945 est
1507 1915 1602 1946 deus⁷

942 1964 975 1989 to
1012 1969 1144 1999 express
1186 1958 1378 1988 ‘Godliead'
1419 1958 1445 1988 is
1481 1969 1500 1988 a
1532 1969 1604 1999 par-

942 2002 1091 2042 ticularly
1109 2002 1257 2042 frequent
1280 2011 1342 2031 one
1366 2001 1399 2031 in
1426 2001 1545 2042 Hilary
1569 2002 1606 2032 dc

946 2046 978 2076 T
974 2046 1119 2076 rz'm'lrzlc.

989 2099 1036 2127 15.
1082 2097 1145 2125 ego
1156 2096 1233 2118 sum
1244 2089 1305 2125 qui
1315 2088 1407 2125 sum]
1430 2088 1490 2118 Ex.
1506 2087 1539 2118 iii
1556 2098 1603 2128 ¹4·

984 2133 1022 2162 ib.
1087 2134 1178 2168 quod
1209 2133 1302 2162 enim
1337 2131 1448 2169 est...]
1499 2131 1604 2161 ‘That

941 2175 1048 2206 which
1066 2176 1102 2209 is,
1121 2175 1147 2205 is
1164 2185 1200 2205 so
1222 2173 1354 2210 called,'
1372 2174 1424 2204 i.e.
1443 2174 1469 2204 is
1481 2174 1552 2205 said
1570 2180 1604 2205 to

942 2220 949 2234 ‘
958 2217 1111 2259 be,’‘just
1121 2218 1259 2248 because
1271 2218 1292 2248 it
1305 2217 1426 2257 always
1437 2228 1605 2257 preserves

941 2262 995 2292 the
1012 2272 1101 2292 same
1118 2259 1313 2292 attributes)
1346 2260 1437 2290 Thus
1448 2261 1503 2291 the
1521 2261 1602 2292 Sels—

940 2305 1105 2336 existence
1132 2304 1169 2335 os
1193 2305 1268 2335 God
1296 2304 1426 2343 implies
1450 2303 1505 2334 the
1531 2315 1602 2344 per-

940 2359 1098 2379 nianence
1124 2348 1161 2378 of
1182 2348 1245 2378 llis
1268 2347 1452 2377 attributes.

983 2402 1034 2422 21.
1083 2393 1165 2421 dum
1196 2392 1271 2421 sine
1300 2391 1511 2421 detrimento
1538 2391 1603 2431 sq.]

943 2436 950 2450 ‘
965 2434 1013 2465 for
1035 2435 1171 2465 without
1196 2434 1322 2473 change
1346 2444 1382 2463 or
1408 2434 1472 2463 loss
1496 2434 1550 2465 He
1577 2434 1603 2465 is

937 2478 1060 2518 always
1078 2477 1228 2508 Himsels
1238 2477 1301 2507 and
1320 2475 1522 2507 invariable.’
