1727 2734
121 153 253 192 XXIV]
535 153 607 183 DE

643 152 849 183 TA‘JNJTA
860 152 922 182 TE
953 151 1108 182 LIBER
1473 140 1525 190 87

121 244 261 295 ipsum,
303 245 343 284 id
389 253 447 284 est
493 245 696 284 hominem
738 245 861 283 filiurn
901 244 1074 283 hominis
1121 244 1239 283 etiam
1280 245 1404 283 filium
1449 247 1524 292 dei,

120 312 260 349 uolunt
299 310 435 355 uideri,
480 318 521 348 ut
560 312 682 348 homo
722 318 760 348 et
803 323 893 348 caro
942 317 979 348 et
1019 309 1162 360 fragilis
1201 309 1266 347 illa
1307 310 1527 349 substantia

120 378 259 415 eadem
290 384 409 426 atque
442 375 525 425 ipse
560 375 661 413 filius
694 375 757 413 dei
793 388 878 413 esse
909 374 1086 422 dicatur;
1120 388 1167 413 ex
1197 387 1288 424 qu0‚
1323 375 1419 412 dum
1452 375 1527 413 dis-

120 440 259 479 tinctio
305 441 372 478 filii
418 440 590 479 hominis
632 448 669 478 et
711 439 778 478 filii
820 439 883 478 dei
923 441 1030 477 nulla
1069 439 1295 486 secernitur,
1333 440 1402 477 sed
1442 439 1527 489 ipse

120 505 222 543 filius
247 505 419 544 hominis
447 505 511 544 dei
540 505 641 543 filius
671 504 902 551 uindicatur,
936 505 1058 542 homo
1085 505 1365 542 tantummodo
1397 505 1527 543 Chris-
1548 516 1566 553 5

119 576 181 607 tus
209 569 313 608 idem
342 578 460 620 atque
488 570 589 607 filius
617 569 681 608 dei
705 576 909 607 asseratur.

970 582 1036 618 per
1058 570 1166 618 quod
1195 568 1373 607 nituntur
1399 571 1527 608 exclu-

119 634 235 673 dere:
264 636 419 672 uerbum
439 649 525 673 caro
538 635 692 683 factum
718 640 773 671 est
797 639 832 671 et
850 634 1046 671 habitauit
1063 635 1103 670 in
1126 634 1229 670 nobis
1242 648 1256 679 ,·
1288 642 1325 671 61
1347 636 1528 673 necabitis

118 712 248 735 nomen
280 701 360 736 eius
389 700 636 745 Emmanuel,
669 700 771 748 quod
795 703 847 735 est
875 701 1166 747 inlerpretalum
1202 699 1390 735 nobiscum
1422 700 1523 737 deus.

200 765 432 813 Proponunt
463 764 567 802 enirn
595 772 714 813 atque
734 763 799 802 illa
823 765 1099 814 praetendunt,
1127 762 1288 812 quaein
1317 764 1526 814 euangelio

118 829 251 867 Lucae
276 830 395 867 relata
422 837 523 877 sunt,
547 843 593 867 ex
621 829 765 879 quibus
792 843 963 867 asserere
991 835 1195 873 conantur,
1219 841 1298 866 non
1321 830 1431 878 quod
1453 838 1523 877 est,
1550 841 1597 865 10

117 894 187 931 sed
216 901 370 931 tantum
401 893 497 932 illud
525 895 632 943 quod
659 895 797 932 uolunt
826 907 933 932 esse:
964 894 1124 942 spiritus
1151 897 1304 930 sanctus
1333 895 1457 931 ueniet
1484 895 1526 932 in

117 963 160 1005 le,
199 965 237 996 et
268 960 395 997 uirtus
434 960 618 997 altissimi
652 960 891 996 obumbrabit
921 960 1016 1004 tz'bi;
1048 963 1250 1006 propterea
1284 964 1321 995 et
1346 961 1449 1007 quod
1479 973 1527 996 ex

117 1029 150 1061 te
184 1030 358 1061 nascetur
389 1030 574 1071 sanctum,
612 1025 810 1062 uocabitur
834 1024 949 1073 filius
979 1024 1046 1061 dei.

1118 1022 1148 1060 si
1185 1036 1287 1073 ergo,
1325 1024 1525 1073 inquiunt,

116 1090 278 1138 angelus
305 1088 369 1126 dei
396 1088 491 1126 dicit
521 1089 572 1127 ad
604 1089 786 1135 Mariam,
812 1090 915 1136 quod
936 1101 983 1125 ex
1007 1093 1039 1124 te
1065 1093 1241 1124 nascesltr
1264 1094 1448 1136 sanctum,
1478 1103 1524 1127 ex

119 1152 245 1190 Maria
266 1160 323 1190 est
345 1152 565 1190 substantia
585 1152 712 1190 carnis
740 1160 778 1190 et
805 1151 988 1201 corporis.

1052 1151 1155 1188 hanc
1182 1158 1314 1188 autem
1344 1152 1524 1190 substan-

116 1218 222 1264 tiam,
246 1218 286 1256 id
313 1226 371 1256 est
399 1225 579 1256 sanctum
608 1219 684 1255 hoc
713 1218 821 1267 quod
849 1231 895 1255 ex
922 1216 987 1253 illa
1013 1215 1189 1266 genitum
1218 1223 1286 1262 est,
1311 1217 1434 1254 filium
1458 1218 1523 1256 dei

115 1296 200 1321 esse
222 1283 437 1333 proposuit.
481 1284 613 1328 homo,
637 1282 831 1332 inquiunt,
856 1281 950 1331 ipse,
974 1289 1011 1319 et
1032 1281 1097 1318 illa
1113 1293 1203 1318 caro
1221 1281 1405 1330 corporis,
1426 1282 1523 1321 illud

116 1349 225 1397 quod
260 1356 439 1386 sanctum
475 1356 533 1386 est
568 1347 730 1394 dictum,
763 1347 892 1397 ipsum
928 1355 986 1384 est
1020 1346 1121 1384 filius
1154 1345 1242 1393 deig
1281 1355 1323 1384 ut
1358 1356 1395 1386 et
1430 1362 1521 1386 cum

115 1413 209 1452 dicit
249 1414 438 1464 scriptura
475 1420 658 1459 sanctum,
700 1413 900 1452 Christum
941 1412 1063 1450 filium
1104 1412 1277 1450 hominis
1316 1414 1521 1453 hominem

113 1478 397 1528 intellegamus,
422 1485 459 1516 et
487 1491 577 1515 curn
593 1478 727 1527 filium
755 1479 816 1515 dei
838 1477 1037 1527 proponit,
1058 1490 1137 1514 non
1164 1477 1282 1514 deum
1307 1479 1376 1516 sed
1398 1479 1522 1517 homi·
1544 1488 1592 1511 20

114 1557 205 1582 nem
236 1543 436 1592 percipere
463 1543 692 1581 debeamus.

183 1645 219 1676 16
244 1645 346 1675 filium
364 1644 417 1675 (lei
435 1655 504 1675 esse
521 1644 691 1685 proposuit
708 1655 747 1674 ex
764 1656 782 1674 α
799 1645 906 1684 suppl.
927 1644 981 1674 Pa.

123 1701 221 1732 deum
249 1701 314 1731 Pa:
339 1710 418 1730 carr.
441 1700 515 1730 edd.
537 1701 638 1740 Angl.

113 1792 194 1823 wish
227 1793 309 1823 Him
336 1799 369 1823 to
397 1802 520 1833 appear
547 1792 602 1823 the
630 1791 780 1823 selfsame

113 1835 254 1877 person.’
301 1836 392 1866 Thus
410 1846 440 1876 p.
457 1836 497 1877 98
515 1835 536 1866 1.
557 1846 593 1866 10
612 1835 699 1877 ‘quis
712 1846 779 1866 non

111 1879 392 1920 intellegat...non
408 1879 547 1910 eundern
562 1884 660 1920 atque
674 1879 780 1919 ipsum

113 1923 239 1964 Apollo
256 1923 378 1963 pariter
394 1929 426 1954 et
447 1922 619 1953 PaulumP'

157 1977 186 2005 5.
233 1968 335 1997 homo
367 1966 670 2004 tantummodo...]
704 1965 779 1996 ‘the

112 2019 202 2040 mere
225 2020 300 2039 man
326 2009 436 2041 Christ
460 2009 487 2039 is
510 2009 654 2040 asserted
681 2014 714 2040 to
738 2010 780 2040 be

112 2053 168 2083 the
191 2063 281 2083 same
305 2063 340 2083 as
363 2053 417 2083 the
444 2053 511 2084 Son
536 2052 573 2083 of
593 2052 691 2083 God.7

157 2105 186 2137 9.
233 2099 434 2133 proponunt
461 2096 526 2136 sq.]
561 2095 684 2126 ‘affirm
713 2095 778 2126 and

112 2139 218 2179 allege
235 2139 267 2169 in
285 2145 421 2179 support
439 2139 475 2169 of
488 2139 510 2169 it
529 2139 584 2170 the
601 2144 777 2169 statement

112 2183 144 2212 in
162 2182 217 2213 the
235 2182 360 2222 Gospel
377 2183 413 2212 of
428 2183 544 2217 Lukess
561 2193 603 2212 sc.
624 2183 655 2212 in
674 2182 683 2212 i
702 2192 752 2222 35.

160 2237 170 2256 1
182 2236 207 2256 1.
252 2226 348 2266 Vulg.
362 2226 421 2255 has
435 2229 440 2240 ‘
452 2225 508 2265 Sp.
524 2232 653 2256 sanctus
666 2236 777 2266 super-

110 2269 220 2299 ueniet
245 2269 277 2299 in
301 2274 358 2300 te..
380 2269 520 2309 ideoque
541 2274 572 2299 et
594 2269 682 2310 quod
706 2280 776 2299 nas-

111 2319 202 2343 cetur
218 2323 256 2342 ex
274 2317 305 2342 te
322 2313 494 2342 sanctum.y

161 2366 207 2395 13.
235 2358 264 2386 si
277 2364 371 2392 ergo,
383 2355 605 2393 inquiunt...]
623 2355 694 2386 The
706 2366 776 2396 pre—

111 2399 224 2429 misses
247 2398 284 2429 of
301 2399 365 2429 this
381 2405 551 2439 argument
570 2409 624 2429 are
643 2398 688 2438 (a)
707 2399 776 2429 that

115 2442 203 2472 ‘that
231 2442 310 2482 holy
334 2442 447 2482 ‘thing’
472 2442 497 2472 is
522 2442 598 2482 only
623 2442 677 2472 the
703 2443 775 2473 sub-

111 2491 222 2516 stance
239 2485 276 2515 of
293 2485 371 2516 flesh
394 2485 529 2516 derived
552 2485 634 2515 from
659 2486 775 2525 Mary:

113 2527 154 2568 (b)
165 2529 235 2559 that
247 2529 301 2559 the
313 2528 409 2569 angel
420 2529 567 2559 affirmed
579 2528 775 2569 (proposuit)

1122 1653 1161 1673 20
1185 1653 1251 1673 non
1277 1643 1445 1675 homiuem
1463 1646 1520 1676 sed

850 1792 919 1822 that
934 1792 1012 1832 holy
1023 1792 1117 1833 thing
1131 1801 1164 1824 to
1177 1794 1218 1824 be
1232 1794 1287 1825 the
1302 1794 1370 1826 Son
1383 1794 1518 1826 ofGod.

849 1835 922 1866 The
933 1836 1123 1866 conclusion
1135 1837 1248 1867 drawn
1261 1838 1301 1877 by
1315 1838 1368 1869 the
1381 1839 1520 1870 heretics

850 1879 887 1916 is,
904 1879 974 1909 that
989 1879 1044 1910 the
1061 1880 1220 1921 offspring
1232 1881 1270 1911 of
1284 1882 1380 1921 Mary
1394 1882 1419 1912 is
1433 1882 1524 1912 itself

850 1922 905 1953 the
928 1922 995 1953 Son
1021 1922 1058 1953 of
1079 1924 1154 1954 God
1176 1925 1241 1954 and
1263 1924 1333 1955 that
1355 1925 1519 1956 therefore

850 1965 904 1996 the
923 1965 993 1996 title
1010 1966 1046 1996 of
1060 1966 1128 1998 Son
1150 1967 1187 1997 of
1205 1968 1281 1998 God
1298 1968 1330 1998 'is
1352 1968 1519 2009 inexactly

849 2009 940 2039 used.
982 2009 1054 2040 The
1071 2010 1201 2050 logical,
1222 2021 1256 2041 as
1275 2011 1517 2051 distinguished

850 2052 933 2082 from
954 2052 1009 2082 the
1029 2054 1267 2093 grammaticah
1289 2055 1444 2094 apodosis
1462 2056 1517 2086 be-

848 2096 921 2136 gins
937 2102 969 2126 at
987 2096 1088 2132 bomo,
1110 2098 1282 2137 inquiunt.

898 2141 932 2169 18
944 2139 1011 2169 soll.
1054 2142 1096 2170 ut
1111 2143 1147 2170 et,
1163 2141 1299 2178 eum...]
1322 2141 1394 2171 The
1407 2142 1517 2172 words

847 2183 879 2212 in
897 2193 960 2222 any
977 2193 1050 2213 case
1068 2189 1233 2223 represent
1251 2184 1306 2214 the
1326 2184 1518 2216 ‘heretical'

846 2231 1032 2256 statement.
1082 2227 1111 2257 It
1134 2227 1159 2257 is
1176 2227 1337 2268 simplest,
1358 2227 1437 2258 with
1460 2228 1517 2259 the

849 2269 986 2309 English
1010 2269 1142 2303 editors.
1169 2277 1203 2300 to
1229 2271 1306 2301 read
1329 2281 1394 2301 non
1417 2272 1515 2302 deum

846 2313 902 2342 sed
919 2313 1102 2343 bominem:
1128 2314 1159 2343 in
1186 2314 1293 2344 which
1319 2324 1391 2344 case
1410 2316 1513 2355 perci-

840 2361 917 2395 pere
933 2357 1099 2386 &beamus
1115 2357 1251 2387 (lenotes
1269 2357 1323 2388 the
1340 2357 1422 2388 view
1440 2358 1515 2389 thus

848 2399 957 2429 forced
986 2410 1074 2439 upon
1103 2410 1149 2435 us,
1179 2400 1248 2431 that
1277 2401 1332 2431 the
1364 2402 1371 2415 ‘
1386 2401 1453 2432 Son
1482 2401 1519 2433 of

848 2442 938 2473 God'
955 2442 980 2472 is
992 2443 1093 2483 really
1105 2454 1192 2474 mere
1204 2454 1291 2474 man.
1326 2444 1513 2484 Forfilz'um

846 2486 899 2515 dei
913 2487 1069 2526 proponit
1085 2497 1135 2527 cp.
1158 2486 1190 2517 ll.
1217 2486 1265 2525 16,
1289 2496 1324 2526 17
1347 2488 1513 2519 ‘sanctum

847 2529 1058 2560 hoc...filium
1077 2529 1130 2560 dei
1147 2541 1216 2561 esse
1234 2530 1428 2572 proposuit.’
