1727 2734
221 130 277 170 66
777 138 845 168 No
855 138 910 168 VA
922 138 1000 168 ΠΛ
1007 137 1069 167 Nl
1485 133 1625 173 [xvm

221 242 392 285 futurus;
421 237 532 275 cuius
553 235 720 273 filiorum
742 235 874 284 pedes,
897 235 949 272 ad
969 232 1245 283 probationem
1267 232 1376 282 quod
1399 231 1483 281 ipse
1509 239 1624 277 esset,

220 303 363 351 abluit3
397 303 567 340 reddens
598 300 636 338 in
671 300 757 338 filiis
786 299 846 337 ius
875 298 1163 348 hospitalitatis,
1189 299 1299 347 quod
1327 297 1542 347 aliquando
1571 296 1626 334 illi

222 370 490 406 faenerauerat
515 372 634 414 pater.
695 365 801 402 unde
831 371 869 401 et
900 377 949 401 ne
977 375 1055 412 qua
1082 370 1183 400 esset
1211 360 1406 399 dubitatio
1433 360 1528 410 quin
1552 360 1626 399 iste

223 435 405 472 Abrahae
453 433 597 480 hospes
650 429 796 476 fuisset,
851 428 892 466 in
941 427 1236 466 Sodomitarum
1286 426 1390 465 exitu
1442 425 1625 475 ponitur:

182 509 201 547 5
222 500 402 548 quoniam
427 497 533 545 pluit
560 496 737 532 dominus
769 501 885 543 super
914 495 1118 531 Sodomam
1148 498 1182 529 el
1215 493 1472 530 Gomorrhom
1507 492 1625 538 {gruem

222 569 257 600 et
299 563 440 611 sulpur
484 574 507 597 a
555 561 706 597 domiuo
752 561 796 596 de
832 560 939 596 caelo.
1012 558 1067 596 sic
1106 557 1212 595 enim
1251 564 1289 595 et
1327 557 1540 606 prophetes
1579 569 1627 594 ex

223 641 392 678 persona
439 625 525 664 dei:
573 626 744 662 subuerti
787 638 862 671 uos,
903 622 1042 673 inquit,
1083 624 1179 660 sicut
1222 622 1408 659 subuertit
1451 622 1628 658 dominus

225 695 426 731 Sodomam
450 697 483 727 es
516 691 787 729 Gomorrhom.
847 688 1033 727 dominus
1061 701 1152 737 ergo
1179 688 1396 725 Sodomam
1421 686 1625 731 subuertit,

224 758 264 795 id
299 765 367 803 est,
400 757 497 793 deus
532 756 749 793 Sodomam
789 752 998 791 subuertit:
1039 753 1109 790 sed
1144 751 1184 789 in
1215 750 1474 789 subuersione
1505 751 1628 788 Sodo-

160 840 206 863 10
226 834 381 860 morum
409 820 594 858 dominus
625 819 723 869 pluit
749 819 880 868 ignem
910 831 933 855 a
962 817 1137 855 domino.
1197 816 1261 853 hic
1287 824 1419 854 autem
1441 815 1628 854 dominus

226 886 333 924 uisus
363 894 422 923 est
452 885 635 922 Abrahae
664 885 779 922 deus:
811 884 909 921 deus
935 889 1068 919 autem
1096 880 1160 918 hic
1187 881 1332 930 hospes
1359 888 1417 918 est
1443 880 1628 918 Abrahae

227 951 334 989 uisus
359 949 494 999 utique
519 948 611 998 quia
636 957 773 986 taetus.
831 948 901 985 sed
931 960 1021 984 cum
1052 954 1172 996 pater,
1195 945 1287 995 quia
1313 944 1530 991 inuisibilis,
1555 958 1629 983 nec

226 1024 321 1053 tunc
342 1014 478 1064 utique
499 1014 606 1052 uisus
628 1013 686 1060 sit,
711 1013 816 1051 uisus
843 1020 901 1050 est
928 1020 966 1050 et
993 1011 1164 1062 hospitio
1185 1018 1364 1061 receptus
1385 1019 1424 1049 et
1443 1019 1630 1061 acceptus

227 1089 296 1126 est,
337 1081 406 1131 qui
453 1080 590 1118 solitus
630 1088 687 1118 est
730 1078 837 1128 tangi
875 1086 913 1116 et
960 1077 1102 1115 uideri:
1145 1076 1208 1114 hic
1253 1084 1385 1114 autem
1426 1075 1527 1113 filius
1566 1074 1629 1113 dei

163 1160 206 1198 15
227 1149 405 1186 domiuus
433 1161 458 1184 a
483 1148 632 1183 domiuo
652 1147 762 1195 pluit
787 1151 901 1193 super
925 1144 1128 1182 Sodomam
1152 1148 1188 1179 et
1218 1143 1477 1180 Gomorrham
1495 1143 1636 1190 sulpur

228 1219 341 1263 atque
367 1214 500 1261 iguem.
560 1211 624 1249 hic
651 1219 783 1248 autem
812 1209 877 1247 dei
906 1208 1073 1246 uerbum
1103 1216 1178 1245 est:
1219 1208 1374 1244 uerbum
1404 1214 1536 1245 autem
1567 1205 1631 1244 dei

228 1293 316 1318 caro
333 1280 484 1328 factum
505 1283 569 1318 est,
591 1283 627 1314 et
653 1277 848 1313 habitauit
876 1276 917 1311 iu
944 1274 1070 1310 nobis:
1101 1272 1165 1310 hic
1192 1281 1325 1310 autem
1353 1272 1534 1312 Christus
1561 1279 1630 1310 est.

229 1359 310 1383 non
333 1352 442 1394 pater
461 1342 576 1393 igitur
600 1342 707 1391 apud
735 1340 937 1378 Abraham
962 1339 1118 1388 hospes,
1141 1339 1211 1375 sed
1238 1337 1419 1376 Christus
1439 1338 1530 1384 fuit3
1558 1349 1634 1375 nee

230 1420 325 1449 tunc
360 1417 469 1459 pater
502 1407 610 1445 uisus
644 1413 713 1451 est,
755 1406 824 1443 sed
860 1404 987 1450 filius;
1030 1403 1137 1441 uisus
1176 1411 1308 1440 autem
1347 1411 1406 1441 est
1440 1402 1632 1442 Christus.

164 1490 211 1515 20
232 1475 371 1514 merito
398 1473 514 1524 igitur
543 1471 723 1511 Christus
754 1478 792 1508 et
819 1468 1006 1508 dominus
1036 1477 1074 1506 et
1103 1470 1201 1507 deus
1231 1476 1300 1515 est,
1323 1468 1391 1518 qui
1417 1482 1499 1507 non
1525 1468 1636 1506 aliter

231 1542 416 1579 Abrahae
437 1539 545 1577 uisus
566 1546 635 1584 est,
659 1536 733 1574 nisi
755 1535 847 1585 quia
866 1543 958 1572 ante
981 1534 1111 1584 ipsum
1137 1534 1340 1572 Abraham
1362 1547 1408 1572 ex
1428 1541 1538 1584 patre
1558 1534 1636 1571 deo

232 1608 330 1646 deus
351 1618 480 1644 sermo
501 1611 708 1655 generatus
729 1609 798 1640 est.

313 1673 471 1718 Adhuc,
495 1669 633 1720 inquit,
652 1670 758 1707 idem
775 1667 937 1717 angelus
958 1674 996 1704 et
1016 1667 1115 1704 deus
1136 1666 1305 1703 eandem
1327 1666 1441 1714 Agar,
1465 1665 1637 1714 fugatam

233 1739 283 1777 de
304 1739 427 1776 domo
448 1736 633 1774 Abrahae
654 1747 743 1771 cum
766 1745 900 1783 puero,
923 1732 1150 1769 consolatur
1173 1738 1211 1768 et
1233 1729 1374 1767 uisitat.
1433 1741 1526 1766 nam
1547 1741 1638 1766 curn

166 1814 184 1838 2
193 1812 211 1849 5
233 1803 299 1841 illa
325 1803 364 1840 in
392 1799 605 1839 solitudine
625 1797 870 1848 exposuisset
890 1796 1093 1839 infantem,
1115 1794 1207 1844 quia
1227 1807 1330 1844 aqua
1356 1793 1565 1832 defecisset
1593 1806 1640 1831 ex

235 1877 330 1914 utre,
355 1878 526 1915 cumque
550 1877 646 1915 puer
666 1863 730 1901 ille
757 1864 975 1908 clamasset,
999 1862 1135 1899 fletum
1165 1868 1203 1898 et
1233 1861 1437 1909 planctum
1456 1860 1638 1905 leuasset,

234 1939 271 1970 et
297 1933 461 1975 audiuit,
493 1929 621 1979 inquit
651 1928 854 1978 scriptura,
881 1928 971 1964 deus
997 1939 1115 1964 uocem
1138 1926 1254 1974 pueri
1278 1925 1322 1962 de
1350 1925 1424 1961 loco
1454 1924 1519 1961 ubi
1544 1928 1639 1962 erat.

306 2055 341 2076 12
366 2045 443 2085 quia
460 2055 482 2081 ’γ
496 2044 577 2073 We:
602 2052 668 2084 qua
687 2043 742 2072 Pa.
840 2051 876 2081 13
894 2039 1081 2080 hospitibus
1096 2050 1119 2077 ’γ
1138 2039 1198 2068 Pa:
1218 2049 1298 2068 corr.
1320 2038 1393 2068 We.
1499 2047 1536 2075 14
1554 2036 1641 2068 filius

237 2102 292 2143 qui
310 2101 425 2131 solitus
440 2099 521 2129 coni.
540 2098 592 2139 Ja.
886 2105 922 2126 22
949 2095 1031 2125 deus
1054 2103 1162 2124 sermo
1178 2105 1201 2132 ’γ
1217 2093 1284 2124 edd.
1307 2092 1370 2122 We
1390 2092 1450 2132 Ja:
1477 2091 1558 2122 deus
1583 2091 1638 2122 Pa.

239 2215 347 2254 hospes
379 2212 457 2242 with
485 2211 644 2252 futurus.
708 2210 738 2240 It
766 2210 792 2241 is
816 2215 907 2240 note·
979 2207 1133 2247 teaching
1168 2206 1272 2236 ‘duos
1303 2215 1373 2236 esse
1408 2203 1538 2242 Deos’3
1578 2204 1644 2235 and

239 2257 366 2296 worthy
391 2256 460 2286 that
485 2255 540 2285 the
566 2254 767 2295 application
794 2253 830 2283 of
854 2253 909 2283 the
978 2251 1091 2281 before
1116 2250 1182 2280 him
1207 2250 1250 2290 by
1274 2249 1359 2279 Iren.
1389 2249 1423 2278 iii
1447 2246 1477 2278 6.

242 2301 367 2331 ‘Three
387 2299 484 2329 Men’
503 2298 534 2328 in
560 2309 578 2328 a
598 2298 799 2328 Trinharian
816 2306 910 2326 sense
1025 2305 1052 2334 7.
1104 2295 1209 2324 Amos
1226 2293 1256 2323 iv
1280 2303 1325 2322 11.

240 2345 320 2375 does
338 2353 393 2373 not
411 2352 533 2383 appear
551 2341 581 2371 in
605 2342 784 2371 Novatian.
1025 2347 1075 2368 τι.
1122 2339 1205 2367 ante
1220 2338 1336 2373 ipsum
1355 2335 1545 2373 Abraham]
1589 2334 1641 2375 Jo.

288 2399 314 2425 5·
362 2388 453 2423 pluit
484 2386 730 2415 dominus...a
757 2382 910 2420 domino]
980 2381 1034 2411 viii
1063 2383 1111 2420 58.

242 2432 325 2462 Gen.
366 2441 414 2459 xlx
452 2439 498 2467 24,
538 2429 658 2468 quoted
694 2429 735 2466 by
769 2426 906 2457 'l'ertulL
1025 2434 1075 2463 27.
1131 2425 1167 2454 et
1197 2422 1351 2459 audiuit]
1390 2421 1474 2451 Gen.
1507 2421 1560 2451 xxi
1597 2429 1645 2460 17.

242 2475 318 2505 adu.
351 2474 451 2502 l'mx.
480 2472 533 2501 xiii
564 2473 595 2501 in
623 2471 774 2511 replying
798 2477 831 2500 to
856 2470 910 2500 the
982 2468 1080 2498 LXX
1106 2467 1273 2503 εἰσήκουσε
1293 2466 1337 2495 δέ.
1355 2465 1461 2494 which
1481 2464 1506 2494 is
1523 2463 1647 2505 closely

243 2517 382 2548 heretics
409 2527 428 2544 xx
439 2516 481 2545 ho
503 2525 617 2545 accuse
643 2516 697 2545 the
722 2513 853 2545 Church
879 2513 916 2543 of
981 2511 1134 2541 followed
1159 2510 1235 2540 here
1256 2509 1303 2547 (as
1326 2507 1492 2548 generally
1517 2507 1558 2548 by
1577 2508 1646 2539 No-
