1727 2734
92 166 214 204 xxu]
511 165 583 195 DE
621 163 898 194 TA‘JNJTATE
930 161 1083 192 ΗΒΕΑ·
1446 150 1494 188 81

94 258 284 308 legimus,
319 258 392 296 nisi
423 257 611 307 quoniam
643 256 706 294 hic
736 255 970 306 praecipuus
1004 262 1123 303 atque
1157 266 1371 303 generosus
1407 268 1499 304 prae

94 323 279 361 omnibus
307 322 371 360 dei
401 322 513 369 filius,
537 322 703 360 uerbum
735 320 810 368 dei,
840 320 1012 358 imitator
1038 318 1218 357 omnium
1244 327 1498 368 paternorum

93 401 269 439 operum,
293 389 388 426 dum
412 396 450 426 et
472 388 554 438 ipse
575 396 758 438 operatur
778 387 878 425 sicut
907 394 944 423 et
966 392 1074 435 pater
1102 384 1196 432 eius,
1224 384 1263 422 in
1291 386 1416 423 forma
1442 386 1501 434 (ut

92 454 371 504 expressimus)
404 462 461 492 est
492 454 554 492 dei
585 453 713 504 patris.
774 460 811 491 et
837 451 976 489 merito
1002 450 1040 488 in
1071 451 1196 488 forma
1224 450 1500 500 pronuntiatus

91 527 149 557 est
171 520 246 565 dei,
270 520 366 556 dum
389 526 426 556 et
454 519 537 568 ipse
566 532 682 568 super
703 517 847 564 omnia,
878 524 915 555 et
940 515 1069 554 omnis
1097 523 1296 554 creaturae
1322 515 1498 553 diuinam
1523 533 1540 570 5

92 583 276 622 obtinens
306 591 556 632 potestatem,
588 591 626 621 et
655 584 753 621 deus
788 589 846 620 est
876 581 1058 629 exemplo
1088 579 1230 629 patris,
1261 580 1337 617 hoc
1371 579 1498 629 ipsum

91 655 224 686 tamen
252 661 274 685 a
302 655 410 697 patre
437 648 595 697 proprio
617 654 864 693 consecutus,
888 654 930 683 ut
951 643 1129 683 omnium
1147 652 1184 682 et
1206 645 1304 682 deus
1325 652 1438 691 esset,
1462 653 1500 683 61

93 712 280 751 dominus
310 720 423 759 esset,
447 721 485 751 et
515 714 613 751 deus
643 714 693 751 ad
723 713 889 750 formam
918 711 981 749 dei
1012 709 1131 759 patris
1158 723 1204 748 ex
1231 710 1317 759 ipso
1345 710 1499 760 genitus

481 778 544 816 hic
574 791 665 827 ergo
695 777 878 827 quamuis
907 782 997 815 esset
1022 777 1061 813 in
1080 776 1218 824 forma
1247 777 1315 822 dei,
1346 789 1419 813 non
1449 782 1502 813 est

1054 841 1236 891 quamuis
1263 841 1368 880 enim
1391 855 1432 880 se
1453 855 1499 880 ex
1525 858 1569 881 10

92 785 211 827 atque
236 780 421 828 prolatus.

90 845 272 892 rapinam
302 846 518 882 arbitratus
547 845 739 892 aequalem
764 857 799 881 se
817 844 882 881 deo
908 856 989 880 esse.

91 907 167 945 deo
198 916 306 957 patre
336 909 455 946 deum
487 922 572 946 esse
601 907 857 954 meminisset,
881 919 1099 956 numquam
1131 919 1172 943 se
1202 906 1278 943 deo
1306 905 1404 955 patri
1432 913 1498 944 aut

89 974 334 1022 comparauit
364 982 431 1012 aut
459 973 638 1018 contulit,
668 985 820 1011 memor
849 985 890 1010 se
921 985 1005 1010 esse
1033 985 1080 1009 ex
1107 984 1178 1008 suo
1206 978 1325 1020 patre,
1355 978 1393 1008 et
1421 971 1498 1008 hoc

90 1037 231 1088 ipsum,
255 1039 363 1088 quod
384 1047 453 1085 est,
478 1039 622 1077 habere
644 1052 695 1084 se,
719 1037 811 1087 quia
831 1045 940 1086 pater
966 1036 1150 1075 dedisset.
1211 1035 1303 1074 inde
1325 1035 1499 1085 denique

87 1111 125 1142 et
152 1112 242 1142 ante
272 1104 399 1142 carnis
429 1104 755 1154 assumptionem,
786 1103 856 1140 sed
886 1110 923 1140 et
954 1109 1042 1151 post
1072 1101 1385 1150 assumptionem
1417 1114 1497 1138 cor-

86 1170 202 1218 poris,
240 1178 328 1219 post
363 1169 488 1219 ipsam
524 1177 724 1219 praeterea
755 1168 1094 1211 resurrectionem,
1129 1179 1289 1203 omnem
1325 1166 1424 1215 patri
1457 1166 1495 1203 in
1522 1180 1564 1217 15

86 1233 272 1271 omnibus
293 1234 410 1272 rebus
431 1233 729 1272 oboedientiam
755 1231 947 1282 praestitit
971 1231 1113 1280 pariter
1136 1244 1182 1268 ac
1209 1238 1389 1280 praestat.
1450 1245 1496 1269 ex

86 1310 165 1347 quo
193 1298 380 1347 probatur
407 1312 626 1349 numquam
654 1298 886 1336 arbitratum
914 1296 1024 1334 illum
1053 1309 1137 1333 esse
1168 1295 1344 1345 rapinam
1375 1309 1497 1345 quan-

87 1363 179 1400 dam
201 1363 462 1408 diuinitatem,
487 1372 528 1402 ut
555 1371 741 1414 aequaret
770 1376 810 1400 se
834 1361 934 1412 patri
955 1363 1049 1399 deo:
1085 1360 1180 1410 quin
1201 1360 1323 1398 immo
1345 1370 1492 1408 contra,

85 1427 194 1465 omni
229 1427 350 1477 ipsius
386 1428 551 1478 imperio
583 1437 621 1467 et
656 1427 852 1466 uoluntati
882 1425 1101 1464 oboediens
1131 1433 1249 1474 atque
1279 1426 1492 1474 subiectus,

131 1545 158 1564 2.
198 1537 375 1575 imitator]
405 1537 528 1578 Johnv
546 1537 661 1579 19foll.
690 1537 752 1578 Cp.

83 1578 133 1609 ch.
156 1579 220 1616 xxi,
242 1590 273 1620 p.
294 1579 370 1619 761.

127 1635 157 1660 4.
199 1623 750 1664 »xndoctupymD1'vinep0uer

83 1674 161 1695 over
195 1676 292 1706 every
323 1674 478 1705 creature,
515 1668 541 1698 is
572 1669 641 1698 also
674 1667 749 1698 God

82 1707 150 1738 like
183 1709 247 1739 His
279 1710 411 1747 Father,
447 1711 568 1752 having
599 1712 751 1741 however

82 1752 232 1782 received
248 1753 311 1783 this
328 1753 483 1792 [honour]
501 1754 585 1784 from
598 1754 662 1784 His
675 1764 749 1784 own

83 1795 205 1825 Father
222 1796 291 1826 that
310 1797 364 1827 He
381 1797 499 1828 should
518 1799 557 1828 be
575 1798 654 1828 both
673 1797 748 1828 God

82 1838 147 1868 and
175 1839 264 1869 Lord
290 1839 327 1870 of
353 1841 409 1877 all,
437 1841 501 1871 ancl
528 1841 604 1872 God
632 1841 665 1870 111
695 1841 749 1871 1116

82 1881 165 1911 form
193 1882 230 1912 of
250 1882 325 1914 God
353 1884 417 1914 His
438 1884 570 1919 Father‚
593 1885 748 1924 hegotten

81 1925 145 1954 aud
179 1925 348 1966 produced
382 1927 465 1958 from
508 1928 611 1958 Him.¹
683 1928 747 1958 For

86 1969 264 2008 ‘prolatus'
286 1980 338 2017 cp
361 1971 469 2011 Justin
495 1972 633 2011 Maityr
651 1972 745 2001 Dml.

80 2020 114 2051 p.
137 2012 242 2051 2S5D
269 2024 361 2043 τουτο
385 2012 420 2043 τὸ
445 2026 489 2052 τῳ
513 2015 579 2044 ὄντι
604 2015 668 2044 ἀπὸ
691 2012 747 2044 τοί

81 2057 199 2093 πατρὸς
220 2056 404 2095 προβληθὲν
424 2059 568 2096 ’γέννημα
592 2057 651 2096 πρὸ
668 2058 745 2087 πάν-

81 2108 142 2127 των
167 2099 230 2128 τῶν
255 2102 439 2136 ποιημάτων
463 2102 557 2137 συνῆν
582 2100 628 2139 τῷ
651 2101 746 2139 πατρί

81 2141 218 2181 (quoted
236 2142 278 2182 by
297 2143 346 2181 Bp
362 2143 435 2173 Bull
457 2144 530 2184 Def.
546 2145 585 2173 F.
604 2145 648 2174 As.
670 2150 706 2184 pt
724 2144 745 2174 ii

80 2193 113 2224 p.
134 2185 228 2224 728);
253 2185 322 2216 also
339 2186 478 2217 Tertull.
495 2187 572 2217 adu.
592 2188 694 2217 Prax.
714 2197 740 2218 e.

79 2227 134 2257 viii
171 2229 321 2268 ‘protulit
358 2230 437 2260 deus
470 2229 681 2266 sermonem,’
712 2230 744 2260 in

78 2276 221 2301 contrast
239 2278 272 2302 to
290 2272 344 2303 the
361 2272 517 2304 heretical
539 2284 593 2304 use
613 2274 650 2304 of
670 2285 743 2313 προ-

77 2315 161 2353 βολή
172 2314 214 2354 by
227 2315 421 2346 Valentinus
433 2317 488 2347 the
500 2317 657 2353 Gnostie;
675 2317 745 2347 also

78 2358 173 2397 Apol.
195 2368 230 2388 21
255 2359 310 2389 ‘ex
327 2359 390 2390 deo
410 2360 600 2400 prolatum..
610 2366 652 2391 ,61
670 2371 743 2401 pro-

76 2399 200 2432 latione
220 2408 412 2442 generatum
436 2409 465 2434 61
492 2403 615 2434 idcirco
641 2403 743 2434 filium

77 2443 130 2473 dei
147 2450 178 2474 et
195 2444 294 2475 deum
310 2445 434 2476 dictum
458 2457 497 2477 ex
522 2447 646 2478 unitate
669 2447 742 2478 sub-

75 2487 240 2518 stantiae.’

123 2539 170 2560 12.
229 2534 265 2562 et
301 2534 365 2563 hoc
403 2534 534 2572 ipsum]
573 2544 591 2563 a
630 2539 743 2574 strong

181 2609 213 2634 F.
238 2609 277 2636 N.

823 1537 981 1567 assertion
1000 1535 1036 1565 of
1049 1535 1104 1566 the
1120 1535 1370 1566 subordination
1388 1537 1425 1566 of
1438 1537 1493 1567 the

825 1581 911 1612 Son:
942 1579 1022 1609 ‘and
1046 1579 1114 1609 that
1141 1579 1194 1609 He
1212 1579 1269 1609 has
1287 1580 1373 1610 what
1395 1580 1449 1610 He
1466 1581 1492 1610 is

823 1624 943 1664 simply
960 1623 1002 1662 by
1020 1623 1074 1653 the
1094 1622 1242 1652 Father's
1258 1622 1341 1663 gift)
1383 1634 1410 1653 v.
1436 1623 1488 1653 In-

823 1667 941 1704 trod.§
968 1677 996 1706 3.

868 1710 914 1741 16.
965 1718 1008 1739 ex
1031 1717 1099 1746 quo
1119 1711 1290 1745 probatur
1311 1709 1375 1750 sq]
1403 1710 1489 1740 ‘that

822 1753 876 1784 He
900 1763 998 1783 never
1022 1752 1180 1792 regarded
1204 1752 1268 1782 His
1288 1753 1436 1792 Divinity
1454 1764 1489 1784 as

820 1807 837 1826 a
855 1797 937 1827 form
963 1795 1000 1826 of
1018 1795 1186 1836 grasping,
1206 1795 1275 1826 that
1297 1796 1351 1826 He
1368 1796 1488 1827 should

819 1840 914 1880 equal
934 1839 1082 1869 Himself
1095 1839 1174 1868 with
1189 1838 1264 1869 God
1279 1839 1333 1869 1116
1349 1840 1486 1870 Father:

819 1893 860 1913 on
879 1883 933 1913 the
950 1882 1125 1923 contrary‚‘
1142 1887 1203 1912 etc.
1251 1882 1331 1913 This
1349 1893 1488 1924 passage

818 1926 916 1957 taken
935 1927 967 1956 in
985 1925 1169 1956 connexion
1187 1925 1265 1956 with
1281 1926 1335 1959 the
1349 1937 1487 1967 passage

817 1970 901 2000 cited
932 1970 962 1999 in
993 1969 1024 2000 ll.
1058 1978 1088 2009 9,
1122 1979 1170 2005 10,
1199 1969 1357 2009 certainly
1382 1980 1488 2000 seems

819 2019 851 2043 to
863 2013 952 2043 shew
964 2013 1032 2043 that
1046 2013 1089 2042 N.
1098 2012 1316 2042 understands
1328 2013 1485 2053 rapinam

817 2054 1014 2095 (ἁρπαγμόν)
1030 2055 1062 2085 in
1076 2065 1094 2085 a
1108 2065 1200 2085 sense
1216 2055 1321 2085 which
1336 2055 1362 2085 is
1376 2056 1486 2087 rather

817 2099 885 2130 that
918 2099 955 2129 of
982 2109 1039 2129 our
1073 2099 1161 2129 AN.
1200 2098 1394 2138 (‘r0bbery,'
1428 2099 1483 2130 i.e.

816 2143 1022 2183 usurpation)
1048 2141 1127 2172 than
1155 2141 1223 2172 that
1251 2141 1287 2171 of
1309 2152 1368 2172 our
1395 2143 1481 2172 RN.

817 2186 838 2225 (⁸
851 2197 869 2216 a
901 2185 1010 2226 prize‚'
1043 2195 1144 2224 marg.
1181 2186 1218 2214 ‘a
1251 2184 1344 2225 thing
1377 2191 1409 2215 to
1442 2186 1483 2216 be

815 2228 997 2269 grasped'),
1019 2227 1143 2268 though
1167 2228 1221 2258 the
1237 2228 1369 2268 general
1387 2239 1482 2260 sense

815 2272 852 2302 of
865 2272 919 2302 the
937 2281 1075 2312 passage
1094 2272 1310 2312 corresponds
1328 2272 1407 2302 with
1425 2272 1480 2303 the

817 2316 904 2346 R.V.
955 2315 1027 2345 The
1051 2314 1159 2345 clause
1185 2318 1240 2344 ‘ut
1266 2322 1419 2355 aequaret
1446 2326 1481 2346 se

815 2359 899 2400 patri
915 2357 1003 2395 (160,’
1021 2368 1162 2388 answers
1179 2362 1213 2388 to
1234 2359 1420 2399 ‘aequalem
1445 2370 1480 2390 se

813 2402 876 2433 deo
905 2402 994 2432 esse’
1022 2402 1055 2431 in
1087 2401 1142 2431 the
1174 2401 1322 2439 citation,
1356 2402 1420 2432 and
1454 2403 1480 2433 is

814 2445 979 2484 evidently
998 2444 1156 2475 intended
1174 2454 1208 2474 as
1226 2455 1266 2474 an
1285 2445 1478 2486 interpreta—

812 2489 881 2519 tion
908 2488 944 2518 of
967 2486 1158 2528 ⁸rapinam,’
1184 2487 1291 2518 which
1317 2488 1349 2518 in
1373 2488 1478 2520 either

812 2542 886 2563 case
912 2532 937 2562 is
964 2531 1018 2562 the
1043 2531 1271 2571 grammatical
1297 2531 1474 2572 predicate.

1346 2599 1368 2635 6
