1727 2734
106 166 258 205 XXVH]
529 165 601 195 DE
638 164 914 195 welNlTATE
947 165 1098 196 LIBER
1458 165 1515 204 99

104 272 208 311 sunt,
232 264 424 303 habentes
454 263 493 301 in
522 264 600 301 fide
627 263 869 309 societatem,
901 263 1020 301 etiam
1048 263 1079 301 si
1104 271 1245 313 gerant
1273 264 1310 300 in
1339 264 1517 313 personis

105 330 390 369 diuersitatem.

192 396 376 444 Denique
392 407 482 432 cum
500 395 551 432 ad
573 395 642 432 has
664 407 784 432 uoces
805 392 958 432 domini
980 392 1175 442 imperitia
1196 394 1331 432 suisset
1354 394 1519 433 Iudaica

105 468 310 498 commota
331 467 368 498 et
390 467 538 498 temere
558 460 609 497 ad
631 472 756 509 usque
781 471 871 496 saxa
893 471 1096 502 succensa,
1120 457 1173 495 ita
1193 465 1235 495 ut
1256 458 1519 498 discurrerent

106 534 147 564 et
173 525 374 564 dicerent:
405 538 478 562 non
509 531 543 562 te
567 525 786 574 lapidamus
805 529 967 572 propter
994 524 1131 560 bonum
1157 530 1259 572 opus,
1282 526 1347 561 sed
1360 530 1523 574 propter
1543 533 1560 570 5

105 591 392 640 blasphemiam,
424 595 460 627 ct
485 591 577 638 quia
608 595 660 635 tu,
693 603 774 627 cnm
804 590 911 626 homo
939 590 1001 635 sis,
1022 589 1128 638 facis
1153 594 1186 625 le
1214 591 1333 636 deum,
1362 589 1521 628 distinc-

109 656 259 695 tionem
281 655 413 706 posuit
433 656 620 694 dominus
641 655 680 693 in
703 655 853 694 ratione
874 655 1091 701 reddenda,
1109 656 1315 704 quomodo
1337 669 1378 694 se
1399 657 1519 694 deum

107 731 176 761 aut
197 722 357 761 dixisset
378 729 445 759 aut
466 721 639 771 intellegi
662 722 789 759 uellet.
837 733 943 770 quem
955 726 1075 768 pater
1091 721 1356 769 sanclfficam‘t,
1380 720 1518 771 inquit,

107 793 146 825 et
178 788 283 825 misit
315 788 355 823 in
388 787 490 823 hunc
521 785 717 831 mundum,
753 798 818 823 nes
850 786 982 831 dicitis,
1018 786 1110 833 quia
1149 785 1397 833 blasphemas,
1429 786 1521 833 quia

107 853 206 900 dixi,
236 851 352 901 filius
397 852 459 888 dei
498 852 613 887 sum?
687 850 806 888 etiam
846 850 910 888 hic
950 857 1101 899 patrem
1143 848 1289 887 habere
1331 862 1371 888 se
1412 849 1519 888 dixit.

112 917 214 955 filius
243 924 302 955 est
330 929 433 965 ergo,
464 928 545 953 non
576 922 894 966 pater—patrem
928 915 1034 953 enim
1065 915 1271 952 confessus
1302 927 1343 952 se
1373 914 1520 961 fuisset,

110 982 143 1019 si
172 989 323 1032 patrem
351 994 392 1019 se
414 993 500 1019 esse
530 980 869 1018 meminisset—et
891 979 1180 1018 sanctificatum
1209 992 1250 1018 se
1277 993 1299 1017 a
1320 993 1392 1018 suo
1414 988 1523 1030 patre

109 1060 199 1085 esse
239 1045 436 1096 proponit.
496 1047 593 1084 dum
632 1059 725 1095 ergo
763 1045 907 1095 accipit
947 1044 1300 1083 sanctificationem
1340 1059 1362 1082 a
1401 1054 1521 1095 patre,

112 1110 242 1149 minor
265 1118 374 1160 patre
401 1118 482 1148 est:
514 1111 643 1147 minor
668 1118 801 1148 autem
830 1117 939 1159 patre
966 1116 1257 1158 consequenter
1278 1107 1375 1160 [non
1397 1108 1524 1162 pater]

110 1184 183 1223 est,
205 1177 275 1214 sed
300 1175 413 1213 filius.
473 1182 582 1224 pater
609 1174 713 1212 enim
737 1174 768 1212 si
789 1174 936 1220 fuisset,
959 1174 1315 1212 sanctificationem
1337 1175 1523 1222 dedisset,

114 1255 193 1280 non
222 1241 451 1291 accepisset.
511 1253 618 1277 nune
644 1248 777 1278 autem
806 1240 1031 1289 profitendo
1058 1252 1098 1277 se
1127 1239 1328 1289 accepisse
1358 1240 1525 1278 sanctifi—

112 1306 311 1345 cationem
339 1319 362 1344 a
389 1313 508 1356 patre,
533 1306 609 1343 hoc
640 1305 737 1355 ipso,
768 1318 848 1354 quo
870 1313 979 1355 patre
1007 1318 1047 1343 se
1071 1305 1262 1343 minorem
1289 1304 1525 1355 accipiendo

111 1373 165 1410 ab
198 1371 285 1421 ipso
320 1372 674 1409 sanctificationem
710 1371 866 1421 probat,
901 1370 1024 1408 filium
1056 1384 1096 1408 se
1127 1383 1224 1416 esse,
1261 1384 1342 1409 non
1374 1379 1524 1420 patrem

115 1437 359 1476 monstrauit.
420 1437 583 1475 missum
612 1445 812 1487 praeterea
836 1450 877 1474 se
898 1449 983 1474 esse
1004 1435 1110 1483 dicit,
1134 1444 1176 1473 ut
1197 1449 1266 1485 per
1286 1437 1388 1473 hanc
1409 1436 1527 1474 oboe—

113 1503 317 1551 dientiam,
340 1517 419 1553 qua
449 1503 557 1541 uenit
587 1502 775 1541 dominus
806 1501 986 1541 Christus
1017 1500 1172 1547 missus,
1205 1514 1286 1538 nou
1316 1509 1427 1550 pater
1456 1502 1526 1539 sed

115 1569 217 1607 filius
255 1569 451 1618 probetur,
485 1567 552 1617 qui
584 1567 754 1605 misisset
793 1566 940 1616 utique,
973 1565 1004 1603 si
1035 1574 1144 1615 pater
1174 1565 1320 1604 fuisset.
1386 1565 1527 1603 missus

113 1643 249 1672 autem
289 1647 369 1672 non
409 1633 481 1670 fuit
520 1640 640 1682 pater,
681 1645 731 1670 ne
775 1639 884 1681 pater
923 1630 1105 1668 subditus
1148 1630 1258 1668 alteri
1299 1632 1387 1678 deo,
1430 1631 1527 1669 dum

118 1699 292 1745 mittitur,
316 1698 558 1748 probaretur.
619 1705 656 1734 et
683 1704 817 1734 tamen
845 1703 933 1745 post
955 1695 1053 1732 haec
1079 1694 1211 1741 adicit,
1235 1695 1344 1744 quod
1365 1707 1527 1732 omnem

116 1763 282 1802 omnino
298 1762 596 1812 ambiguitatem
614 1761 848 1800 dissolueret
866 1768 903 1798 et
921 1768 1043 1798 totam
1062 1759 1372 1798 controuersiam
1390 1759 1528 1797 erroris

115 1829 390 1879 exstingueret.
449 1828 502 1866 ait
529 1828 635 1866 enim
663 1827 702 1864 in
738 1826 876 1864 ultima
903 1832 1013 1875 parte
1043 1826 1261 1863 sermonis:
1297 1838 1363 1862 nos
1391 1824 1527 1870 dicitis,

116 1896 209 1943 quia
239 1894 484 1942 blasphemas,
511 1894 603 1942 quia
630 1893 725 1939 dixi,
737 1892 853 1940 filius
880 1891 942 1927 dez·
967 1892 1084 1927 sum?
1141 1903 1233 1939 ergo
1264 1889 1294 1927 si
1325 1888 1530 1926 euidenter

118 1959 241 1997 filium
263 1959 450 1997 dominus
467 1971 518 2005 se,
538 1971 619 1996 non
635 1964 798 2007 patrem,
817 1969 901 1994 esse
918 1962 1092 2000 testatur,
1113 1967 1279 2004 magnae
1300 1952 1531 1992 temeritatis

117 2033 155 2063 et
181 2023 350 2074 ingentis
378 2031 436 2061 est
463 2023 603 2061 furoris
627 2023 853 2071 exemplum
884 2028 1021 2058 contra
1050 2019 1172 2068 ipsius
1200 2018 1346 2058 Christi
1377 2017 1531 2056 domini

119 2088 391 2127 testimonium
419 2087 730 2126 controuersiam
761 2085 979 2125 diuinitatis
1009 2092 1047 2122 et
1077 2084 1274 2134 religionis
1305 2083 1460 2133 agitare,
1493 2091 1532 2121 et

192 2170 226 2198 14
252 2169 317 2189 non
334 2163 429 2198 pater
447 2159 509 2188 ins.
532 2158 606 2188 We.
767 2156 802 2188 16
827 2156 924 2186 uerba
949 2161 979 2186 et
1006 2165 1093 2185 nunc
1117 2153 1379 2185 autem...filium
1404 2164 1438 2184 se
1462 2164 1532 2184 esse

119 2225 160 2244 ex
177 2225 196 2243 α
209 2213 314 2253 suppl.
335 2213 390 2247 l'a,
408 2213 464 2242 scd
475 2212 646 2242 delendum
664 2217 694 2242 et
711 2224 717 2242 ;
743 2211 806 2242 hoc
824 2211 895 2252 ipso
912 2209 1145 2251 quo...probat
1162 2220 1222 2240 om.
1244 2221 1275 2248 7.
1382 2219 1417 2248 17
1441 2219 1508 2250 quo
1524 2221 1531 2240 ι

121 2268 244 2310 ?quod.

171 2339 181 2344 ·
290 2351 296 2357 .
327 2339 333 2343 ’
398 2352 404 2357 .
905 2326 935 2354 8.
1231 2331 1249 2352 r
1283 2331 1300 2352 s
1386 2323 1392 2329 ”
1491 2323 1497 2329 ”

167 2328 454 2403 g.J91‘li)e31{0rd
476 2370 541 2400 laid
566 2369 665 2400 down
686 2379 703 2399 a
727 2369 792 2399 dis·
863 2367 987 2407 loosely
1004 2326 1245 2407 (ζ’ἓῗέἷηὲἰὶᾶἷξς
1269 2323 1533 2406 ἱηᾶῗίξὲῗῗὲὲῧ

122 2415 272 2451 tincti0n‚
293 2414 390 2444 while
412 2413 534 2453 stating
556 2413 611 2443 the
633 2412 794 2453 principle
864 2412 905 2450 by
929 2410 1053 2441 dicitis:
1092 2414 1168 2450 ‘say
1192 2420 1231 2449 ye
1255 2409 1292 2440 of
1314 2409 1407 2446 Him,
1435 2409 1533 2439 Thou

123 2469 214 2499 upon
241 2457 348 2488 which
378 2457 433 2487 He
457 2457 522 2487 had
547 2456 618 2486 said
642 2456 712 2486 that
739 2456 794 2485 He
864 2452 1121 2494 blasphe1uest?’
1166 2453 1220 2494 Jo.
1239 2464 1258 2483 x
1277 2452 1326 2492 36.

125 2512 192 2532 was
209 2501 286 2532 God
303 2511 339 2531 or
353 2500 475 2531 wished
488 2500 552 2531 this
569 2505 602 2530 to
619 2499 660 2530 be
677 2498 794 2530 under·
910 2507 960 2538 29.
1009 2500 1014 2512 ‘
1029 2497 1079 2527 To
1092 2502 1139 2526 set
1157 2496 1277 2537 agoing
1288 2507 1306 2526 a
1323 2500 1535 2536 controversy

126 2545 246 2576 stood)
865 2541 965 2571 about
990 2540 1044 2570 the
1066 2540 1188 2570 Divine
1208 2546 1323 2570 nature
1344 2539 1409 2569 and
1433 2539 1535 2569 about

1325 2618 1423 2654 7-2

1547 863 1593 887 10

1551 1185 1592 1222 Ῐ5
