1727 2734
776 138 1067 170 NOVATJANJ
1552 137 1619 175 [IX

217 138 271 179 30

215 236 377 286 quando
406 242 542 284 gentes
567 233 605 270 in
634 233 763 282 ipsum
793 231 1008 270 credituras
1037 231 1270 280 prophetat:
1305 243 1374 268 ecce
1390 232 1513 280 posui
1535 243 1618 268 eum

214 302 255 339 in
285 299 519 349 principium
558 303 593 335 et
620 299 912 347 praecipientem
946 298 1128 346 gentibus.
1187 302 1314 346 gentes
1344 310 1443 346 quae
1478 303 1513 334 te
1544 309 1619 334 non

215 371 406 404 nouerant
423 364 654 402 inuocabant
671 370 713 409 te,
732 368 767 400 et
776 364 917 411 populi
931 363 1002 410 qui
1018 368 1053 399 te
1070 363 1241 400 nesciunt
1257 363 1313 400 ad
1327 367 1361 400 te
1380 362 1620 411 confugient,-

215 433 323 469 hunc
356 431 542 476 eundem,
576 429 738 478 quando
776 429 826 466 ad
858 429 1083 478 passionem
1118 427 1201 465 eius
1235 429 1427 465 exclamat
1458 425 1619 464 dicens:

173 507 192 543 5
214 497 312 533 sicut
335 497 419 533 ouis
441 495 496 532 ad
511 494 719 532 occisionem
741 494 873 530 ductus
891 498 951 539 est,
978 498 1013 529 et
1034 493 1134 529 sicut
1153 506 1277 541 agnus
1301 505 1427 529 coram
1453 491 1624 529 tondente

214 574 250 599 se
287 562 367 599 sine
406 573 498 606 uoce,
537 560 591 596 sic
627 571 701 596 non
741 559 894 606 aperuit
928 571 969 595 05
1005 570 1116 594 suum
1155 558 1195 594 in
1234 557 1474 603 lzumz'litate3
1512 557 1619 594 hunc

215 627 378 676 quando
408 626 617 674 flagrorum
648 623 731 661 eius
760 622 861 660 ictus
891 623 1105 672 plagasque
1131 621 1364 671 descripsit:
1394 622 1514 658 liuore
1538 622 1620 658 eius

216 704 282 728 nos
300 691 437 727 sanati
451 702 602 733 smnus;
624 695 691 726 aut
712 687 975 726 humilitatem
992 702 998 725 :
1028 692 1062 724 et
1080 687 1249 724 m'dimus
1267 700 1361 733 eum,
1383 692 1419 724 et
1435 699 1509 723 non
1536 691 1622 723 erat

214 756 252 792 ei
267 755 397 804 species
418 767 533 803 neque
550 755 681 791 honor.
733 754 840 790 Immo
855 754 896 790 in.
908 754 1028 801 plaga
1043 758 1078 790 et
1091 754 1206 790 sciens
1212 752 1323 801 ferre
1339 752 1620 800 &firmitatem

149 832 195 855 10
215 828 282 858 aut
303 820 413 870 quod
434 821 605 869 populus
626 832 708 856 non
729 825 810 856 erat
835 819 1053 856 crediturus
1070 833 1076 856 :
1105 822 1181 854 tota
1209 817 1268 854 die
1291 817 1464 865 expandi
1483 829 1622 854 manus

216 898 317 923 meas
354 886 409 922 ad
430 885 618 934 populum
658 896 732 921 non
765 884 991 927 credentem3
1033 890 1101 920 aut
1132 882 1241 931 quod
1276 887 1560 919 resurrecturus
1599 894 1621 918 a

216 949 403 988 mortuis:
434 955 469 986 et
493 950 569 986 erit
596 949 636 986 in
663 949 734 985 illa
761 949 820 985 die
845 949 965 985 radix
991 949 1098 994 Iesse,
1127 952 1163 984 et
1186 948 1255 996 qui
1277 952 1408 995 surget
1431 948 1620 996 imperare

209 1017 396 1065 gentibus,
418 1016 459 1053 in
479 1028 561 1052 eum
577 1019 704 1063 gentes
722 1014 938 1062 sperabunt,
961 1018 998 1050 et
1020 1014 1095 1050 erit
1121 1013 1263 1061 requies
1281 1013 1360 1050 eius
1379 1013 1524 1059 honor-3
1552 1019 1619 1049 aut

215 1094 306 1119 cum
327 1088 484 1130 tempus
506 1077 824 1117 resurrectionis:
854 1078 970 1126 quasi
984 1077 1149 1115 diluculo
1169 1081 1358 1126 paratum
1386 1077 1620 1114 inuem'emus

150 1154 192 1191 15
213 1159 322 1192 eum3
363 1152 430 1182 aut
470 1145 579 1194 quod
619 1156 795 1182 sessurus
834 1144 885 1181 ad
920 1143 1096 1181 dextram
1132 1141 1274 1192 patris:
1314 1142 1419 1179 dixit
1445 1142 1621 1179 dominus

212 1210 364 1247 domino
395 1221 499 1246 meo:
535 1209 616 1245 sede
653 1208 709 1244 ad
737 1209 932 1244 dexteram
967 1219 1098 1252 meam,
1135 1207 1247 1244 donec
1272 1212 1421 1255 ponam
1450 1206 1621 1243 inimicos

212 1281 296 1313 tuos
332 1275 529 1312 scabellum
559 1275 702 1322 pedum
742 1278 920 1319 tuorum3
967 1279 1034 1309 aut
1073 1284 1164 1310 cum
1204 1284 1406 1321 possessor
1439 1271 1619 1309 omnium

213 1341 453 1378 collocatur:
475 1340 634 1388 postula
661 1351 685 1375 a
713 1351 777 1383 me,
810 1343 845 1374 et
868 1338 964 1375 dabo
994 1338 1066 1374 tibi
1079 1342 1208 1386 gentes
1233 1338 1474 1374 hereditatem
1499 1343 1616 1383 tuam,

212 1410 246 1441 et
261 1405 533 1453 possessionem
560 1409 667 1440 tuam
691 1404 870 1440 terminos
890 1407 1015 1439 terrae
1028 1417 1037 1449 3
1067 1410 1134 1440 aut
1162 1403 1272 1452 quod
1298 1401 1417 1441 iudex
1440 1402 1619 1440 omnium

145 1484 192 1508 20
213 1465 456 1505 ostenditur:
486 1466 577 1503 deus
602 1465 784 1502 iudicimn
812 1470 921 1501 tuum
942 1465 1026 1513 regi
1046 1465 1106 1512 da,
1135 1470 1170 1501 et
1187 1465 1379 1502 iustitiam
1404 1470 1512 1502 tuam
1530 1465 1620 1514 filio

951 1557 1043 1588 Here
1066 1557 1162 1597 again
1192 1557 1234 1587 N.
1258 1557 1350 1598 gives
1376 1567 1395 1587 a
1416 1561 1485 1587 text
1512 1557 1620 1588 which

212 1561 326 1601 sailing
337 1560 441 1597 ones,’
455 1570 491 1590 as
503 1560 552 1589 Dr
563 1558 699 1598 Cheyne
713 1557 885 1588 translates

949 1600 1126 1631 resembles
1145 1600 1239 1630 LXX
1257 1610 1347 1631 more
1360 1600 1439 1630 than
1458 1601 1563 1631 Hebr.
1584 1611 1621 1631 or

211 1605 267 1636 the
286 1605 430 1635 Hebrew
449 1604 506 1641 (Is.
524 1603 557 1633 lv
572 1604 615 1642 3).
657 1602 729 1632 The
744 1602 842 1649 Vulg.
858 1601 884 1631 is

212 1648 301 1689 quite
327 1647 490 1684 different,
524 1646 660 1686 reading
687 1645 884 1675 ‘misericor-

212 1692 283 1722 dias
308 1691 418 1721 Dauid
447 1688 582 1720 fideles?
630 1689 725 1719 LXX
747 1688 787 1718 τὰ
810 1687 884 1718 ὅσια

213 1735 329 1765 Δαυεὶδ
360 1733 400 1764 τὰ
432 1733 542 1764 πιστά..
591 1732 689 1763 Refer
720 1738 754 1762 to
780 1742 812 1762 n.
841 1742 883 1762 on

213 1789 245 1820 p.
272 1778 344 1809 101.
367 1777 396 1808 6.

259 1832 286 1852 1.
335 1821 377 1851 Is.
414 1820 447 1850 lv
486 1832 516 1858 4,
561 1829 576 1858 5
618 1817 744 1859 (Vulg.)
786 1822 884 1848 ‘ecce

212 1871 330 1896 testem
348 1863 479 1905 populis
503 1863 581 1893 dedi
602 1873 688 1897 eum,
706 1862 824 1892 ducem
846 1871 884 1892 ac

212 1913 460 1950 praeceptorem
476 1906 645 1946 gentibus:
663 1915 738 1936 ecce
750 1910 882 1946 gentem

211 1962 311 1993 quam
340 1950 508 1981 nesciebas
538 1949 684 1985 uocabis‚
713 1954 744 1979 et
770 1954 885 1988 gentes

213 2006 297 2036 quae
314 2000 346 2025 te
363 2004 429 2025 non
451 1998 678 2033 cognouerunt
701 1992 742 2022 ad
765 1998 796 2022 te
813 2002 882 2022 cur-

213 2037 308 2069 rent.'
356 2037 467 2077 Again
491 2036 546 2067 the
571 2041 638 2067 text
663 2036 689 2066 is
712 2045 828 2066 nearer
849 2040 883 2066 to

213 2082 309 2113 LXX
330 2081 409 2111 than
427 2080 525 2120 Vulg.

256 2124 288 2156 6.
342 2127 380 2155 in
419 2122 638 2160 humilitate]
673 2122 737 2157 'the
776 2122 884 2152 words

212 2169 336 2208 belong
375 2167 476 2207 really
514 2172 548 2197 to
587 2166 642 2197 the
678 2170 755 2196 next
793 2175 883 2196 verse

214 2213 274 2250 (Is.
292 2212 338 2242 liii
357 2212 408 2249 8):
431 2210 540 2241 where
557 2209 694 2249 Cheyne
711 2208 884 2239 translates

216 2255 375 2295 ‘through
387 2252 607 2295 oppression.'
641 2252 737 2292 Vulg.
753 2252 811 2282 has
826 2252 883 2282 ‘de

214 2298 366 2339 angustia
378 2297 404 2328 ':
427 2297 523 2327 LXX
541 2297 574 2327 ἐν
593 2293 631 2335 τῇ
646 2296 850 2326 ταπεινώσει.

259 2350 286 2380 7.
338 2341 382 2371 Is.
400 2341 445 2371 liii
464 2351 493 2380 5.

258 2395 288 2425 9.
335 2387 437 2415 homo
453 2385 491 2414 in
507 2385 616 2421 plaga
633 2382 713 2420 cet.]
742 2382 784 2413 Is.
803 2382 850 2412 liii
865 2392 882 2422 3

216 2428 313 2458 LXX
327 2428 489 2466 ἄνθρωπος
502 2429 534 2457 ἐν
546 2426 660 2465 πληγῇ
673 2425 716 2456 ὥν
730 2426 781 2455 καὶ
794 2423 884 2456 εἰδὼς

215 2474 322 2511 φέρειν
346 2471 519 2508 μαλακίαν,
544 2470 644 2510 Vulg.
679 2469 799 2499 ‘uirum
824 2469 882 2499 do-

215 2516 319 2546 lorum
362 2520 393 2545 et
436 2514 592 2544 scientem
635 2512 882 2542 infirmitatem.'

950 1644 1049 1684 Vulg.
1059 1644 1116 1674 but
1125 1643 1204 1674 does
1212 1649 1268 1674 not
1278 1645 1433 1675 translate
1445 1644 1468 1674 it
1480 1645 1618 1684 exactly.

996 1696 1043 1718 10.
1095 1687 1137 1717 Is.
1159 1687 1213 1717 lxv
1232 1697 1261 1717 2.

996 1739 1045 1771 13.
1090 1732 1230 1767 requies
1257 1730 1346 1768 eius]
1394 1731 1438 1761 Is.
1463 1730 1506 1760 xii
1537 1740 1574 1761 10
1598 1729 1617 1768 η’

948 1772 1124 1805 ἀνάπαυσις
1148 1774 1245 1804 αὐτοῦ
1273 1773 1387 1804 LXX:
1415 1774 1618 1815 ‘sepulcrum

947 1817 1031 1848 eius'
1064 1816 1163 1857 Vulg.
1213 1817 1258 1848 N.
1290 1817 1317 1847 is
1345 1817 1460 1847 drawn
1487 1817 1531 1857 by
1564 1817 1618 1847 the

949 1861 1099 1901 ‘surget'
1125 1866 1158 1891 to
1186 1870 1239 1891 see
1267 1871 1284 1890 a
1308 1860 1477 1901 propheey
1503 1860 1540 1891 of
1564 1861 1619 1891 the

950 1904 1193 1934 Resurrection.

997 1956 1044 1986 14.
1087 1947 1172 1977 Hos.
1187 1947 1218 1977 vi
1234 1957 1263 1987 3.
1292 1945 1391 1987 Vulg.
1411 1947 1520 1988 ‘quasi
1534 1947 1616 1977 dilu-

948 1991 1058 2021 culum
1076 1996 1290 2031 praeparatus
1307 1996 1355 2021 est
1369 2000 1517 2030 egressus
1531 1991 1600 2021 eius
1610 1989 1617 2002 ’

949 2034 1017 2064 ‘his
1043 2034 1145 2074 going
1169 2033 1256 2064 forth
1284 2033 1310 2064 is
1337 2044 1373 2064 as
1401 2044 1473 2064 sure
1501 2044 1536 2064 as
1562 2034 1617 2064 the

948 2077 1118 2118 morning‘
1138 2077 1222 2107 RN.
1259 2077 1324 2107 But
1340 2077 1438 2107 LXX
1457 2077 1496 2108 ὡς
1508 2076 1618 2115 ὄρθρον

948 2122 1072 2158 ἕτοιμον
1095 2121 1265 2160 εὑρήσομεν
1287 2121 1394 2151 αὐτόν.
1441 2121 1530 2152 Note
1547 2121 1618 2151 that

946 2165 1024 2196 here
1040 2164 1095 2195 the
1112 2163 1247 2195 writer's
1272 2169 1338 2194 text
1362 2164 1511 2205 diverges
1535 2174 1616 2195 even

948 2208 1031 2239 from
1064 2208 1175 2238 LXX.
1223 2207 1268 2237 N.
1301 2217 1439 2248 appears
1469 2212 1503 2238 to
1533 2207 1618 2238 have

947 2251 1113 2292 forgotten
1130 2251 1201 2282 that
1217 2251 1258 2281 he
1278 2251 1384 2291 began
1406 2251 1484 2281 with
1510 2252 1517 2265 ‘
1530 2250 1616 2281 hunc

950 2294 1076 2333 Isaias,‘
1099 2295 1163 2325 and
1185 2295 1243 2325 has
1263 2294 1453 2324 mentioned
1471 2304 1514 2324 no
1529 2293 1615 2324 fresh

948 2349 1056 2369 name.

996 2392 1044 2422 15.
1093 2382 1145 2411 Ps.
1163 2380 1213 2411 cix
1231 2379 1296 2419 (cx)
1319 2390 1345 2416 1,
1365 2390 1393 2410 2.

995 2427 1044 2456 18.
1090 2424 1293 2462 collocatur]
1313 2424 1355 2453 ‘is
1368 2423 1614 2464 represented':

947 2468 988 2500 cf.
1006 2479 1037 2508 p.
1061 2478 1101 2509 ‘²9
1118 2468 1138 2498 l.
1162 2478 1199 2498 10
1211 2473 1324 2507 supra.
1374 2467 1425 2497 Ps.
1444 2467 1465 2498 ii
1483 2468 1512 2498 8.

992 2522 1042 2544 20.
1093 2511 1143 2541 Ps.
1162 2510 1226 2541 lxxi
1245 2510 1350 2550 (lxxii)
1375 2521 1398 2540 1.
