1727 2734
111 155 210 194 XXI]
522 157 590 187 DE
629 156 832 186 y'lesivlyzt
845 156 906 186 TE
938 156 1092 186 Lllfsfse
1472 153 1527 194 79

111 257 264 287 tantum
287 250 432 288 suisset.
493 263 611 288 nemo
632 250 736 288 enim
760 263 948 299 umquam
975 265 1015 288 se
1043 249 1128 299 ipso
1149 257 1216 286 aut
1241 249 1429 298 spoliatur
1449 256 1515 286 aut

112 315 296 354 induitur.
365 316 412 353 sit
447 316 551 354 enim
589 329 750 354 necesse
782 323 839 353 est
873 315 992 362 aliud,
1027 315 1216 365 quicquid
1251 314 1412 352 aliunde
1450 322 1517 351 aut

111 382 301 432 spoliatur
330 390 396 419 aut
430 381 615 419 induitur.
693 394 740 419 ex
778 394 858 430 quo
899 380 1038 418 merito
1073 394 1203 418 sermo
1236 380 1298 418 dei
1335 379 1417 425 fuit,
1450 379 1518 428 qui

112 457 250 486 exutus
276 456 333 486 est
359 461 516 485 carnem
546 455 583 485 et
611 447 648 484 in
675 446 958 485 resurrectione
989 460 1119 483 rursus
1150 446 1337 491 indutus,
1378 453 1518 483 exutus

111 522 256 560 autem,
293 512 482 561 quoniam
515 520 553 550 et
589 512 626 549 in
663 511 867 549 natiuitate
902 512 1026 549 fuerat
1062 510 1234 548 indutus.

113 577 271 617 Christo
297 579 394 616 deus
420 586 476 615 est
505 577 570 626 qui
601 576 786 623 induitur,
813 584 931 625 atque
960 576 1077 614 etiam
1106 584 1246 614 exutus
1268 576 1316 614 sit
1337 583 1517 625 oportet:

114 652 321 693 propterea
348 644 457 692 quod
486 643 516 680 is
545 642 611 692 qui
639 642 824 687 induitur,
853 642 996 691 pariter
1023 651 1060 680 et
1082 650 1244 680 exuatur
1265 655 1427 680 necesse
1448 650 1516 680 est.

114 708 290 746 induitur
316 716 448 746 autem
478 716 515 746 et
543 707 695 745 exuitur
715 707 889 755 homine,
912 707 1024 757 quasi
1045 708 1218 756 quadam
1244 706 1418 744 contexti
1439 719 1519 744 cor-

114 774 220 823 poris
236 773 379 811 tunica.
421 787 466 811 ac
488 781 694 823 propterea
715 780 1005 822 consequenter
1024 785 1153 810 sermo
1171 772 1254 817 fuit,
1272 781 1313 809 ut
1334 771 1516 818 diximus,

115 838 191 885 dei,
235 838 302 888 qui
342 840 463 877 modo
503 838 676 884 indutus,
713 839 835 876 modo
875 846 1013 876 exutus
1049 852 1134 876 esse
1169 839 1368 888 reperitur.
1444 839 1520 876 hoc

117 904 223 942 enim
254 904 371 943 etiam
398 904 436 941 in
464 904 809 942 benedictionibus
837 912 928 942 ante
958 904 1172 953 praedixit:
1204 905 1356 941 [amabit
1383 906 1519 941 stolam

116 983 226 1007 suam
253 971 293 1007 iu
315 971 416 1015 uino,
445 975 479 1006 el
505 972 544 1006 in
571 970 755 1017 sauguine
782 983 879 1006 rma&
904 971 1084 1007 amsclum
1112 983 1233 1007 sumn.
1294 970 1324 1007 si
1354 972 1454 1008 stola
1481 970 1521 1007 in

117 1034 277 1074 Christo
298 1047 388 1072 caro
409 1042 479 1078 est,
502 1041 539 1071 et
560 1033 749 1071 amictum
771 1033 901 1083 ipsum
922 1047 1065 1084 corpus
1090 1042 1159 1079 est,
1183 1034 1410 1084 requiratur,
1434 1034 1521 1084 quis

117 1107 176 1137 est
205 1098 268 1137 ille
295 1098 406 1136 cuius
431 1111 573 1147 corpus
601 1097 789 1135 amictum
812 1105 880 1142 est,
909 1106 946 1136 et
975 1100 1073 1136 stola
1095 1100 1216 1136 caro?
1273 1098 1388 1136 nobis
1416 1098 1521 1137 enim

122 1163 373 1202 manifestum
396 1170 454 1200 est
475 1175 632 1199 carnem
655 1163 795 1199 stolam
822 1169 859 1199 et
884 1175 1026 1211 corpus
1047 1162 1237 1200 amictum
1260 1162 1369 1200 uerbi
1392 1162 1521 1209 fuisse,

118 1228 186 1278 qui
215 1241 314 1266 uuae
342 1226 543 1276 sanguine,
573 1225 612 1263 id
643 1233 701 1263 est
731 1225 835 1272 uino,
866 1226 960 1264 lauit
990 1227 1250 1264 substantiam
1281 1227 1455 1277 corporis
1485 1235 1524 1265 et

119 1292 322 1331 materiam
352 1293 490 1337 carnis,
522 1291 687 1328 abluens
715 1304 761 1328 ex
793 1299 899 1340 parte
927 1291 1099 1341 suscepti
1127 1291 1299 1330 hominis
1326 1292 1521 1341 passione.

119 1371 166 1396 ex
187 1370 266 1407 quo
287 1356 483 1406 siquidem
505 1357 667 1402 lauatur,
691 1356 813 1393 homo
841 1364 909 1403 est,
934 1355 1026 1406 quia
1052 1356 1253 1402 amictum,
1284 1358 1392 1406 quod
1422 1359 1525 1395 laua-

119 1430 191 1468 tur,
215 1435 306 1460 caro
327 1429 408 1460 est:
440 1420 506 1470 qui
530 1428 662 1457 autem
690 1421 807 1466 lauat,
831 1420 996 1458 uerbum
1026 1421 1089 1459 dei
1118 1429 1187 1467 est,
1212 1421 1279 1471 qui
1306 1429 1349 1459 ut
1377 1423 1525 1460 lauaret

188 1535 203 1565 7
230 1524 318 1565 quod
336 1535 392 1554 nos
409 1525 597 1553 inm-inlus.
788 1524 806 1553 8
835 1521 984 1561 homine]
1001 1522 1103 1553 homo
1120 1523 1196 1554 edd.

120 1580 280 1620 sanguine
297 1589 380 1609 uuae
397 1578 553 1608 amictum
572 1587 665 1607 suum
684 1578 748 1607 ins.
767 1588 797 1606 α.

121 1635 174 1665 Sic
193 1645 225 1675 p.
245 1634 296 1664 80.
318 1644 329 1664 1
352 1639 416 1663 -tus
432 1644 455 1671 ’γ
473 1632 522 1663 G:
548 1632 586 1662 -ti
604 1643 634 1662 α.

1383 1535 1416 1554 12
1444 1524 1525 1555 etin

877 1587 911 1617 13
931 1577 1070 1607 amictus
1087 1577 1156 1617 ipse
1172 1589 1195 1616 *y
1209 1578 1238 1609 G
1256 1591 1262 1608 :
1285 1589 1354 1608 -um
1372 1579 1477 1619 ipsum
1493 1590 1523 1610 α.

716 1631 865 1672 quisquis
874 1632 1003 1672 priores
1018 1642 1098 1662 corr.
1118 1632 1191 1662 We.
1344 1632 1381 1664 16
1405 1633 1527 1674 quique

122 1688 283 1729 sanguine
298 1698 321 1726 ’γ
339 1688 384 1717 Pa
403 1685 526 1727 (‘locus
545 1686 703 1716 obscurus
721 1690 751 1716 et
768 1691 928 1726 quantum
945 1692 1082 1727 apparet
1106 1686 1239 1716 mutilus
1259 1692 1313 1717 aut
1335 1688 1526 1728 corruptus*

123 1742 205 1783 Pa):
229 1741 285 1782 qui
309 1751 392 1771 uuae
414 1751 438 1770 s.
466 1751 548 1770 corr.
579 1739 661 1770 We:
687 1739 743 1780 qui
768 1740 801 1769 in
825 1739 985 1780 sanguine
1010 1739 1063 1769 Fr.
1092 1740 1168 1780 Jun.

121 1797 260 1828 abluens
283 1807 306 1835 ’γ
331 1796 386 1826 Pa.
408 1795 512 1825 abluit
537 1795 617 1824 com‘.
645 1793 719 1823 We.

1310 1750 1344 1779 17
1371 1746 1401 1771 et
1427 1752 1469 1772 m.
1495 1753 1523 1772 c.

167 1897 196 1917 2.
250 1885 297 1915 ‘It
315 1889 399 1914 must
425 1883 525 1914 needs
545 1883 585 1913 be
603 1882 791 1922 something

122 1930 203 1967 else,
231 1928 340 1958 which
366 1929 391 1957 is
415 1927 519 1957 either
542 1926 691 1956 divested
717 1925 754 1956 of
773 1937 791 1956 a

124 1973 219 2013 thing
236 1983 272 2002 or
288 1971 436 2002 invested
455 1971 487 2000 in
505 1969 553 2000 it.⁷
604 1971 611 1984 ‘
625 1968 791 1999 Aliunde'

124 2017 150 2047 is
175 2014 362 2047 contrasted
383 2013 460 2044 with
490 2015 540 2043 ‘se
564 2012 658 2053 ipso‚’
675 2013 740 2042 and
765 2013 791 2042 is

125 2059 282 2100 regarded
302 2068 337 2088 as
354 2067 395 2087 an
411 2057 478 2087 abl.
496 2067 570 2087 case
590 2055 628 2085 of
645 2056 700 2086 the
717 2066 791 2096 pro-

125 2113 226 2139 noun,
257 2101 444 2142 equivalent
477 2105 510 2130 to
542 2099 622 2129 ‘alia
654 2098 711 2129 re.'
761 2099 791 2129 It

124 2146 204 2186 only
235 2144 362 2185 applies
397 2143 430 2173 in
464 2143 631 2173 strictness
666 2147 700 2172 to
735 2142 791 2173 the

126 2187 331 2230 ‘spoliatur‚'
356 2192 413 2216 not
438 2192 472 2216 to
501 2185 688 2215 ‘induitur.'

169 2242 200 2274 9.
258 2229 524 2267 cousequenter]
571 2239 624 2259 see
670 2239 701 2258 n.
748 2239 790 2259 on

125 2286 158 2317 p·
175 2286 229 2349 17?-
249 2275 408 2348 Siauabit
423 2318 552 2346 stolam
569 2316 650 2353 cet.]
705 2315 791 2346 Gen.

127 2363 193 2393 xlix
223 2371 270 2397 11,
295 2361 404 2390 where
427 2359 524 2399 Vulg.
553 2359 611 2389 has
640 2358 791 2399 ‘pallium

127 2404 244 2437 suum.’
292 2404 357 2434 For
379 2403 432 2433 the
457 2413 526 2432 rare
547 2408 660 2432 neuter
678 2402 791 2432 ‘amic-

127 2448 222 2486 tum‚⁷
253 2458 304 2488 cp.
339 2446 417 2477 Isid.
460 2446 549 2485 Omgr.
589 2455 637 2486 19.
672 2456 722 2484 24.
757 2455 790 2484 15

127 2497 297 2523 ‘mantum
346 2489 490 2530 Hispani
537 2493 657 2519 uocant
702 2489 792 2529 quod

127 2546 244 2566 manus
261 2539 349 2574 tegat
366 2538 504 2569 tantum,
522 2538 569 2563 est
587 2532 675 2562 enim
692 2532 792 2562 breue

860 1882 1040 1913 amictum.'

908 1936 955 1965 17.
1005 1927 1152 1956 abluens
1175 1934 1218 1956 ex
1241 1928 1343 1962 parte
1367 1927 1448 1965 cer.]
1474 1927 1526 1958 ‘in

862 1969 978 2010 regard
1007 1969 1043 1999 of
1066 1969 1122 1999 the
1146 1969 1314 1999 manhood
1339 1970 1446 2000 which
1472 1971 1527 2001 He

861 2013 942 2042 took
960 2022 1049 2052 upon
1069 2013 1162 2049 Him,
1183 2012 1352 2053 cleansing
1364 2013 1387 2043 it
1406 2013 1448 2053 by
1465 2014 1528 2045 His

863 2055 997 2086 Passion
1008 2055 1031 2085 ‘z
1050 2066 1101 2095 cp.
1116 2056 1399 2096 antistisusceptor
1409 2057 1527 2087 below.

861 2099 934 2129 The
950 2099 1109 2128 amictum
1124 2099 1149 2128 is·
1164 2099 1218 2129 the
1232 2099 1324 2129 homo
1337 2109 1372 2129 or
1388 2100 1528 2131 ‘human

862 2142 1002 2172 nature.’
1049 2141 1121 2172 The
1149 2152 1286 2182 passage
1315 2142 1340 2173 is
1370 2143 1529 2184 similarly

861 2186 994 2226 applied
1021 2185 1053 2214 in
1079 2185 1218 2226 Hippol.
1250 2186 1286 2216 de
1316 2187 1470 2216 Aulislzr.
1496 2187 1527 2217 xi

862 2230 972 2265 αἵματι
1000 2229 1052 2258 οὖν
1084 2230 1261 2266 σταφυλῆς,
1288 2231 1379 2259 ποίας
1407 2229 1481 2260 ἀλλ’
1510 2229 1529 2268 ἣ

861 2273 917 2308 τῆς
933 2272 1047 2310 σαρκὸς
1061 2270 1157 2301 αὐτοῦ
1170 2272 1207 2303 ὡς
1220 2273 1351 2311 βότρυος
1369 2274 1420 2302 ἐπὶ
1434 2274 1528 2309 ξύλου

861 2316 1056 2354 βληθείσης;
1081 2315 1145 2345 and
1164 2315 1301 2345 Tertull.
1320 2317 1396 2346 adu.
1418 2318 1527 2347 filare.

863 2358 893 2388 iv
910 2369 961 2397 40.
1014 2359 1078 2388 For
1099 2369 1117 2388 a
1141 2358 1291 2389 different
1316 2364 1389 2389 turn
1416 2366 1449 2390 to
1474 2361 1529 2391 the

863 2401 1073 2442 explanation
1091 2412 1144 2432 see
1158 2402 1268 2442 Justin
1291 2403 1384 2432 Dsal.
1406 2414 1457 2442 54,
1476 2404 1529 2444 63,

865 2443 903 2484 76
916 2456 923 2481 ;
945 2445 1039 2484 Apol.
1053 2445 1061 2474 i
1075 2455 1133 2484 32:
1152 2446 1306 2486 repeated
1321 2446 1362 2486 by
1375 2446 1531 2478 Irenaeus

864 2489 904 2518 εἰς
928 2489 992 2518 ἕνδ.
1013 2497 1075 2527 57;
1100 2488 1202 2519 Haer.
1232 2497 1269 2518 IV
1296 2500 1338 2519 xx
1364 2499 1401 2520 2:
1427 2490 1529 2532 Cypr-

864 2532 927 2572 Ep.
949 2531 1017 2561 lxiii
1035 2531 1065 2561 6.

1307 510 1439 559 itaque
1479 510 1517 547 in
1541 519 1559 556 5

1545 847 1590 870 IO

1547 1172 1591 1211 15
