<?xml version="1.0" encoding="UTF-8"?>
<!DOCTYPE html PUBLIC "-//W3C//DTD XHTML 1.0 Transitional//EN"
    "http://www.w3.org/TR/xhtml1/DTD/xhtml1-transitional.dtd">
<html xmlns="http://www.w3.org/1999/xhtml" xml:lang="en" lang="en">
 <head>
  <title>
</title>
<meta http-equiv="Content-Type" content="text/html;charset=utf-8" />
  <meta name='ocr-system' content='tesseract 3.04.00' />
  <meta name='ocr-capabilities' content='ocr_page ocr_carea ocr_par ocr_line ocrx_word'/>
</head>
<body>
  <div class='ocr_page' id='page_1' title='image "./detrinitateliber00novauoft_0085.png"; bbox 0 0 1727 2734; ppageno 0'>
   <div class='ocr_carea' id='block_1_1' title="bbox 103 166 1502 208">
    <p class='ocr_par' dir='ltr' id='par_1_1' title="bbox 103 166 1502 208">
     <span class='ocr_line' id='line_1_1' title="bbox 103 166 1502 208; baseline -0.004 -8"><span class='ocrx_word' id='word_1_1' title='bbox 103 169 148 208; x_wconf 86' lang='lat' dir='ltr'>v]</span> <span class='ocrx_word' id='word_1_2' title='bbox 520 170 592 200; x_wconf 83' lang='lat' dir='ltr'>DE</span> <span class='ocrx_word' id='word_1_3' title='bbox 629 169 835 200; x_wconf 73' lang='lat' dir='ltr'><em>TRJNJTA</em></span> <span class='ocrx_word' id='word_1_4' title='bbox 846 168 908 199; x_wconf 81' lang='lat' dir='ltr'>TE</span> <span class='ocrx_word' id='word_1_5' title='bbox 938 168 1093 199; x_wconf 72' lang='lat' dir='ltr'><em>LIBER</em></span> <span class='ocrx_word' id='word_1_6' title='bbox 1457 166 1502 206; x_wconf 90' lang='lat'>17</span> 
     </span>
    </p>
   </div>
   <div class='ocr_carea' id='block_1_2' title="bbox 96 260 1576 1417">
    <p class='ocr_par' dir='ltr' id='par_1_2' title="bbox 96 260 1576 1417">
     <span class='ocr_line' id='line_1_2' title="bbox 182 260 1508 310; baseline 0.001 -12"><span class='ocrx_word' id='word_1_7' title='bbox 182 263 229 299; x_wconf 93' lang='lat' dir='ltr'>V.</span> <span class='ocrx_word' id='word_1_8' title='bbox 289 261 413 301; x_wconf 91' lang='lat' dir='ltr'>Cuius</span> <span class='ocrx_word' id='word_1_9' title='bbox 452 261 568 300; x_wconf 87' lang='lat' dir='ltr'>etiam</span> <span class='ocrx_word' id='word_1_10' title='bbox 606 261 636 300; x_wconf 93' lang='lat' dir='ltr'>si</span> <span class='ocrx_word' id='word_1_11' title='bbox 671 260 893 300; x_wconf 83' lang='lat' dir='ltr'>iracundias</span> <span class='ocrx_word' id='word_1_12' title='bbox 927 260 1104 310; x_wconf 88' lang='lat' dir='ltr'>legimus,</span> <span class='ocrx_word' id='word_1_13' title='bbox 1142 268 1179 298; x_wconf 92' lang='lat' dir='ltr'>et</span> <span class='ocrx_word' id='word_1_14' title='bbox 1213 260 1508 310; x_wconf 73' lang='lat' dir='ltr'>indignationes</span> 
     </span>
     <span class='ocr_line' id='line_1_3' title="bbox 101 324 1506 376; baseline -0.001 -12"><span class='ocrx_word' id='word_1_15' title='bbox 101 327 293 376; x_wconf 83' lang='lat' dir='ltr'>quasdam</span> <span class='ocrx_word' id='word_1_16' title='bbox 325 326 540 376; x_wconf 85' lang='lat' dir='ltr'>descriptas</span> <span class='ocrx_word' id='word_1_17' title='bbox 567 334 759 371; x_wconf 85' lang='lat' dir='ltr'>tenemus,</span> <span class='ocrx_word' id='word_1_18' title='bbox 782 333 820 364; x_wconf 89' lang='lat' dir='ltr'>et</span> <span class='ocrx_word' id='word_1_19' title='bbox 847 325 939 364; x_wconf 89' lang='lat' dir='ltr'>odia</span> <span class='ocrx_word' id='word_1_20' title='bbox 967 327 1085 363; x_wconf 84' lang='lat' dir='ltr'>relata</span> <span class='ocrx_word' id='word_1_21' title='bbox 1113 324 1401 374; x_wconf 77' lang='lat' dir='ltr'>cognoscimus,</span> <span class='ocrx_word' id='word_1_22' title='bbox 1425 339 1506 364; x_wconf 88' lang='lat' dir='ltr'>non</span> 
     </span>
     <span class='ocr_line' id='line_1_4' title="bbox 101 391 1506 441; baseline 0 -13"><span class='ocrx_word' id='word_1_23' title='bbox 101 399 234 429; x_wconf 82' lang='lat' dir='ltr'>tamen</span> <span class='ocrx_word' id='word_1_24' title='bbox 265 392 363 429; x_wconf 89' lang='lat' dir='ltr'>haec</span> <span class='ocrx_word' id='word_1_25' title='bbox 395 391 657 441; x_wconf 79' lang='lat' dir='ltr'>intellegimus</span> <span class='ocrx_word' id='word_1_26' title='bbox 688 391 737 428; x_wconf 88' lang='lat' dir='ltr'>ad</span> <span class='ocrx_word' id='word_1_27' title='bbox 769 392 1032 428; x_wconf 90' lang='lat' dir='ltr'>humanorum</span> <span class='ocrx_word' id='word_1_28' title='bbox 1063 391 1183 427; x_wconf 87' lang='lat' dir='ltr'>relata</span> <span class='ocrx_word' id='word_1_29' title='bbox 1213 402 1298 428; x_wconf 88' lang='lat' dir='ltr'>esse</span> <span class='ocrx_word' id='word_1_30' title='bbox 1327 392 1506 440; x_wconf 84' lang='lat' dir='ltr'>exempla</span> 
     </span>
     <span class='ocr_line' id='line_1_5' title="bbox 101 454 1507 504; baseline -0.001 -10"><span class='ocrx_word' id='word_1_31' title='bbox 101 457 297 494; x_wconf 87' lang='lat' dir='ltr'>uitiorum.</span> <span class='ocrx_word' id='word_1_32' title='bbox 357 456 455 494; x_wconf 91' lang='lat' dir='ltr'>haec</span> <span class='ocrx_word' id='word_1_33' title='bbox 486 455 591 494; x_wconf 90' lang='lat' dir='ltr'>enim</span> <span class='ocrx_word' id='word_1_34' title='bbox 625 455 769 502; x_wconf 83' lang='lat' dir='ltr'>omnia,</span> <span class='ocrx_word' id='word_1_35' title='bbox 804 454 876 493; x_wconf 90' lang='lat' dir='ltr'>etsi</span> <span class='ocrx_word' id='word_1_36' title='bbox 907 454 1112 493; x_wconf 89' lang='lat' dir='ltr'>hominem</span> <span class='ocrx_word' id='word_1_37' title='bbox 1144 463 1310 504; x_wconf 85' lang='lat' dir='ltr'>possunt</span> <span class='ocrx_word' id='word_1_38' title='bbox 1337 468 1507 493; x_wconf 88' lang='lat' dir='ltr'>corrum-</span> 
     </span>
     <span class='ocr_line' id='line_1_6' title="bbox 101 519 1551 572; baseline -0.001 -12"><span class='ocrx_word' id='word_1_39' title='bbox 101 536 204 572; x_wconf 91' lang='lat' dir='ltr'>pere,</span> <span class='ocrx_word' id='word_1_40' title='bbox 240 521 416 560; x_wconf 85' lang='lat' dir='ltr'>diuinam</span> <span class='ocrx_word' id='word_1_41' title='bbox 456 521 535 559; x_wconf 92' lang='lat' dir='ltr'>uim</span> <span class='ocrx_word' id='word_1_42' title='bbox 571 534 652 559; x_wconf 93' lang='lat' dir='ltr'>non</span> <span class='ocrx_word' id='word_1_43' title='bbox 691 528 858 570; x_wconf 88' lang='lat' dir='ltr'>possunt</span> <span class='ocrx_word' id='word_1_44' title='bbox 897 519 1062 558; x_wconf 88' lang='lat' dir='ltr'>omnino</span> <span class='ocrx_word' id='word_1_45' title='bbox 1096 519 1242 558; x_wconf 87' lang='lat' dir='ltr'>uitiare.</span> <span class='ocrx_word' id='word_1_46' title='bbox 1302 519 1507 568; x_wconf 81' lang='lat' dir='ltr'>passiones</span> <span class='ocrx_word' id='word_1_47' title='bbox 1528 530 1551 566; x_wconf 69' lang='lat'>52</span> 
     </span>
     <span class='ocr_line' id='line_1_7' title="bbox 100 584 1507 632; baseline -0.001 -8"><span class='ocrx_word' id='word_1_48' title='bbox 100 587 206 625; x_wconf 90' lang='lat' dir='ltr'>enim</span> <span class='ocrx_word' id='word_1_49' title='bbox 240 586 337 624; x_wconf 88' lang='lat' dir='ltr'>istae</span> <span class='ocrx_word' id='word_1_50' title='bbox 370 586 410 624; x_wconf 96' lang='lat' dir='ltr'>in</span> <span class='ocrx_word' id='word_1_51' title='bbox 445 586 675 625; x_wconf 90' lang='lat' dir='ltr'>hominibus</span> <span class='ocrx_word' id='word_1_52' title='bbox 710 584 850 623; x_wconf 90' lang='lat' dir='ltr'>merito</span> <span class='ocrx_word' id='word_1_53' title='bbox 885 597 971 623; x_wconf 90' lang='lat' dir='ltr'>esse</span> <span class='ocrx_word' id='word_1_54' title='bbox 1005 584 1197 632; x_wconf 87' lang='lat' dir='ltr'>dicentur,</span> <span class='ocrx_word' id='word_1_55' title='bbox 1230 584 1269 622; x_wconf 94' lang='lat' dir='ltr'>in</span> <span class='ocrx_word' id='word_1_56' title='bbox 1309 585 1387 623; x_wconf 91' lang='lat' dir='ltr'>deo</span> <span class='ocrx_word' id='word_1_57' title='bbox 1426 597 1507 623; x_wconf 92' lang='lat' dir='ltr'>non</span> 
     </span>
     <span class='ocr_line' id='line_1_8' title="bbox 101 649 1507 701; baseline 0.001 -12"><span class='ocrx_word' id='word_1_58' title='bbox 101 652 240 691; x_wconf 88' lang='lat' dir='ltr'>merito</span> <span class='ocrx_word' id='word_1_59' title='bbox 270 651 559 690; x_wconf 88' lang='lat' dir='ltr'>iudicabuntur.</span> <span class='ocrx_word' id='word_1_60' title='bbox 619 650 817 700; x_wconf 88' lang='lat' dir='ltr'>corrumpi</span> <span class='ocrx_word' id='word_1_61' title='bbox 846 649 952 689; x_wconf 91' lang='lat' dir='ltr'>enim</span> <span class='ocrx_word' id='word_1_62' title='bbox 982 663 1051 700; x_wconf 90' lang='lat' dir='ltr'>per</span> <span class='ocrx_word' id='word_1_63' title='bbox 1081 651 1180 689; x_wconf 88' lang='lat' dir='ltr'>haec</span> <span class='ocrx_word' id='word_1_64' title='bbox 1211 651 1334 689; x_wconf 89' lang='lat' dir='ltr'>homo</span> <span class='ocrx_word' id='word_1_65' title='bbox 1363 658 1507 701; x_wconf 89' lang='lat' dir='ltr'>potest,</span> 
     </span>
     <span class='ocr_line' id='line_1_9' title="bbox 100 715 1507 768; baseline -0.001 -12"><span class='ocrx_word' id='word_1_66' title='bbox 100 718 193 768; x_wconf 84' lang='lat' dir='ltr'>quia</span> <span class='ocrx_word' id='word_1_67' title='bbox 226 718 424 768; x_wconf 89' lang='lat' dir='ltr'>corrumpi</span> <span class='ocrx_word' id='word_1_68' title='bbox 459 725 611 768; x_wconf 88' lang='lat' dir='ltr'>potest:</span> <span class='ocrx_word' id='word_1_69' title='bbox 651 715 850 766; x_wconf 89' lang='lat' dir='ltr'>corrumpi</span> <span class='ocrx_word' id='word_1_70' title='bbox 883 729 953 766; x_wconf 92' lang='lat' dir='ltr'>per</span> <span class='ocrx_word' id='word_1_71' title='bbox 986 716 1084 754; x_wconf 91' lang='lat' dir='ltr'>haec</span> <span class='ocrx_word' id='word_1_72' title='bbox 1118 717 1217 754; x_wconf 90' lang='lat' dir='ltr'>deus</span> <span class='ocrx_word' id='word_1_73' title='bbox 1252 729 1332 754; x_wconf 91' lang='lat' dir='ltr'>non</span> <span class='ocrx_word' id='word_1_74' title='bbox 1363 724 1507 767; x_wconf 83' lang='lat' dir='ltr'>potest,</span> 
     </span>
     <span class='ocr_line' id='line_1_10' title="bbox 99 780 1505 832; baseline 0 -12"><span class='ocrx_word' id='word_1_75' title='bbox 99 782 193 832; x_wconf 86' lang='lat' dir='ltr'>quia</span> <span class='ocrx_word' id='word_1_76' title='bbox 212 796 286 821; x_wconf 91' lang='lat' dir='ltr'>nec</span> <span class='ocrx_word' id='word_1_77' title='bbox 306 781 505 832; x_wconf 89' lang='lat' dir='ltr'>corrumpi</span> <span class='ocrx_word' id='word_1_78' title='bbox 528 789 669 832; x_wconf 90' lang='lat' dir='ltr'>potest.</span> <span class='ocrx_word' id='word_1_79' title='bbox 728 781 877 819; x_wconf 84' lang='lat' dir='ltr'>habent</span> <span class='ocrx_word' id='word_1_80' title='bbox 900 780 1015 831; x_wconf 88' lang='lat' dir='ltr'>igitur</span> <span class='ocrx_word' id='word_1_81' title='bbox 1041 782 1115 818; x_wconf 85' lang='lat' dir='ltr'>ista</span> <span class='ocrx_word' id='word_1_82' title='bbox 1141 780 1221 818; x_wconf 92' lang='lat' dir='ltr'>uirn</span> <span class='ocrx_word' id='word_1_83' title='bbox 1246 795 1358 820; x_wconf 86' lang='lat' dir='ltr'>suam</span> <span class='ocrx_word' id='word_1_84' title='bbox 1386 795 1505 832; x_wconf 88' lang='lat' dir='ltr'>quam</span> 
     </span>
     <span class='ocr_line' id='line_1_11' title="bbox 100 844 1576 897; baseline 0.001 -13"><span class='ocrx_word' id='word_1_85' title='bbox 100 855 319 892; x_wconf 80' lang='lat' dir='ltr'>exerceant,</span> <span class='ocrx_word' id='word_1_86' title='bbox 351 848 420 885; x_wconf 90' lang='lat' dir='ltr'>sed</span> <span class='ocrx_word' id='word_1_87' title='bbox 445 846 513 885; x_wconf 89' lang='lat' dir='ltr'>ubi</span> <span class='ocrx_word' id='word_1_88' title='bbox 540 847 741 897; x_wconf 86' lang='lat' dir='ltr'>praecedit</span> <span class='ocrx_word' id='word_1_89' title='bbox 770 844 966 895; x_wconf 85' lang='lat' dir='ltr'>passibilis</span> <span class='ocrx_word' id='word_1_90' title='bbox 993 845 1167 892; x_wconf 87' lang='lat' dir='ltr'>materia,</span> <span class='ocrx_word' id='word_1_91' title='bbox 1195 859 1276 884; x_wconf 94' lang='lat' dir='ltr'>non</span> <span class='ocrx_word' id='word_1_92' title='bbox 1306 845 1373 884; x_wconf 91' lang='lat' dir='ltr'>ubi</span> <span class='ocrx_word' id='word_1_93' title='bbox 1399 859 1506 896; x_wconf 86' lang='lat' dir='ltr'>prae·</span> <span class='ocrx_word' id='word_1_94' title='bbox 1530 861 1576 885; x_wconf 95' lang='lat'>10</span> 
     </span>
     <span class='ocr_line' id='line_1_12' title="bbox 99 911 1505 962; baseline 0 -11"><span class='ocrx_word' id='word_1_95' title='bbox 99 912 205 951; x_wconf 88' lang='lat' dir='ltr'>cedit</span> <span class='ocrx_word' id='word_1_96' title='bbox 225 912 477 962; x_wconf 88' lang='lat' dir='ltr'>impassibilis</span> <span class='ocrx_word' id='word_1_97' title='bbox 499 911 729 950; x_wconf 86' lang='lat' dir='ltr'>substantia.</span> <span class='ocrx_word' id='word_1_98' title='bbox 779 924 871 949; x_wconf 86' lang='lat' dir='ltr'>nam</span> <span class='ocrx_word' id='word_1_99' title='bbox 899 918 938 949; x_wconf 91' lang='lat' dir='ltr'>et</span> <span class='ocrx_word' id='word_1_100' title='bbox 959 912 1068 960; x_wconf 88' lang='lat' dir='ltr'>quod</span> <span class='ocrx_word' id='word_1_101' title='bbox 1088 911 1265 950; x_wconf 83' lang='lat' dir='ltr'>irascitur</span> <span class='ocrx_word' id='word_1_102' title='bbox 1292 913 1399 959; x_wconf 89' lang='lat' dir='ltr'>deus,</span> <span class='ocrx_word' id='word_1_103' title='bbox 1424 926 1505 951; x_wconf 92' lang='lat' dir='ltr'>non</span> 
     </span>
     <span class='ocr_line' id='line_1_13' title="bbox 99 975 1505 1027; baseline 0 -11"><span class='ocrx_word' id='word_1_104' title='bbox 99 992 145 1016; x_wconf 82' lang='lat' dir='ltr'>ex</span> <span class='ocrx_word' id='word_1_105' title='bbox 161 977 258 1016; x_wconf 90' lang='lat' dir='ltr'>uitio</span> <span class='ocrx_word' id='word_1_106' title='bbox 273 978 356 1016; x_wconf 89' lang='lat' dir='ltr'>eius</span> <span class='ocrx_word' id='word_1_107' title='bbox 372 977 492 1024; x_wconf 91' lang='lat' dir='ltr'>uenit,</span> <span class='ocrx_word' id='word_1_108' title='bbox 511 978 581 1016; x_wconf 89' lang='lat' dir='ltr'>sed</span> <span class='ocrx_word' id='word_1_109' title='bbox 596 978 647 1015; x_wconf 87' lang='lat' dir='ltr'>ad</span> <span class='ocrx_word' id='word_1_110' title='bbox 663 976 883 1015; x_wconf 91' lang='lat' dir='ltr'>remedium</span> <span class='ocrx_word' id='word_1_111' title='bbox 900 975 1021 1015; x_wconf 87' lang='lat' dir='ltr'>nostri</span> <span class='ocrx_word' id='word_1_112' title='bbox 1038 976 1134 1015; x_wconf 89' lang='lat' dir='ltr'>illud</span> <span class='ocrx_word' id='word_1_113' title='bbox 1148 977 1249 1015; x_wconf 85' lang='lat' dir='ltr'>facit.</span> <span class='ocrx_word' id='word_1_114' title='bbox 1295 977 1505 1027; x_wconf 86' lang='lat' dir='ltr'>indulgens</span> 
     </span>
     <span class='ocr_line' id='line_1_14' title="bbox 99 1040 1504 1091; baseline 0.001 -12"><span class='ocrx_word' id='word_1_115' title='bbox 99 1050 156 1080; x_wconf 93' lang='lat' dir='ltr'>est</span> <span class='ocrx_word' id='word_1_116' title='bbox 177 1041 283 1080; x_wconf 90' lang='lat' dir='ltr'>enirn</span> <span class='ocrx_word' id='word_1_117' title='bbox 311 1041 429 1080; x_wconf 88' lang='lat' dir='ltr'>etiam</span> <span class='ocrx_word' id='word_1_118' title='bbox 458 1049 552 1079; x_wconf 92' lang='lat' dir='ltr'>tunc</span> <span class='ocrx_word' id='word_1_119' title='bbox 583 1055 674 1079; x_wconf 91' lang='lat' dir='ltr'>cum</span> <span class='ocrx_word' id='word_1_120' title='bbox 704 1040 887 1087; x_wconf 89' lang='lat' dir='ltr'>minatur,</span> <span class='ocrx_word' id='word_1_121' title='bbox 910 1041 1006 1079; x_wconf 90' lang='lat' dir='ltr'>dum</span> <span class='ocrx_word' id='word_1_122' title='bbox 1028 1054 1096 1091; x_wconf 91' lang='lat' dir='ltr'>per</span> <span class='ocrx_word' id='word_1_123' title='bbox 1120 1042 1218 1079; x_wconf 89' lang='lat' dir='ltr'>haec</span> <span class='ocrx_word' id='word_1_124' title='bbox 1245 1041 1428 1080; x_wconf 89' lang='lat' dir='ltr'>homines</span> <span class='ocrx_word' id='word_1_125' title='bbox 1453 1043 1504 1080; x_wconf 84' lang='lat' dir='ltr'>ad</span> 
     </span>
     <span class='ocr_line' id='line_1_15' title="bbox 98 1106 1501 1156; baseline 0.001 -11"><span class='ocrx_word' id='word_1_126' title='bbox 98 1116 204 1146; x_wconf 88' lang='lat' dir='ltr'>recta</span> <span class='ocrx_word' id='word_1_127' title='bbox 224 1115 470 1145; x_wconf 88' lang='lat' dir='ltr'>reuocantur.</span> <span class='ocrx_word' id='word_1_128' title='bbox 530 1120 622 1145; x_wconf 88' lang='lat' dir='ltr'>nam</span> <span class='ocrx_word' id='word_1_129' title='bbox 644 1106 789 1156; x_wconf 87' lang='lat' dir='ltr'>quibus</span> <span class='ocrx_word' id='word_1_130' title='bbox 810 1107 861 1145; x_wconf 82' lang='lat' dir='ltr'>ad</span> <span class='ocrx_word' id='word_1_131' title='bbox 881 1108 1090 1145; x_wconf 84' lang='lat' dir='ltr'>honestam</span> <span class='ocrx_word' id='word_1_132' title='bbox 1118 1108 1240 1145; x_wconf 82' lang='lat' dir='ltr'>uitam</span> <span class='ocrx_word' id='word_1_133' title='bbox 1261 1109 1372 1146; x_wconf 88' lang='lat' dir='ltr'>deest</span> <span class='ocrx_word' id='word_1_134' title='bbox 1392 1107 1501 1154; x_wconf 88' lang='lat' dir='ltr'>ratio,</span> 
     </span>
     <span class='ocr_line' id='line_1_16' title="bbox 98 1172 1572 1228; baseline 0.004 -19"><span class='ocrx_word' id='word_1_135' title='bbox 98 1180 226 1210; x_wconf 90' lang='lat' dir='ltr'>metus</span> <span class='ocrx_word' id='word_1_136' title='bbox 254 1181 312 1211; x_wconf 90' lang='lat' dir='ltr'>est</span> <span class='ocrx_word' id='word_1_137' title='bbox 339 1172 593 1218; x_wconf 88' lang='lat' dir='ltr'>necessarius,</span> <span class='ocrx_word' id='word_1_138' title='bbox 616 1180 658 1210; x_wconf 93' lang='lat' dir='ltr'>ut</span> <span class='ocrx_word' id='word_1_139' title='bbox 683 1172 749 1221; x_wconf 88' lang='lat' dir='ltr'>qui</span> <span class='ocrx_word' id='word_1_140' title='bbox 777 1172 969 1211; x_wconf 85' lang='lat' dir='ltr'>rationem</span> <span class='ocrx_word' id='word_1_141' title='bbox 998 1173 1248 1222; x_wconf 85' lang='lat' dir='ltr'>reliquerunt,</span> <span class='ocrx_word' id='word_1_142' title='bbox 1272 1175 1335 1212; x_wconf 92' lang='lat' dir='ltr'>uel</span> <span class='ocrx_word' id='word_1_143' title='bbox 1359 1182 1504 1213; x_wconf 87' lang='lat' dir='ltr'>terrore</span> <span class='ocrx_word' id='word_1_144' title='bbox 1528 1189 1572 1228; x_wconf 85' lang='lat'>15</span> 
     </span>
     <span class='ocr_line' id='line_1_17' title="bbox 97 1236 1500 1285; baseline 0.001 -11"><span class='ocrx_word' id='word_1_145' title='bbox 97 1245 342 1275; x_wconf 91' lang='lat' dir='ltr'>moueantur.</span> <span class='ocrx_word' id='word_1_146' title='bbox 403 1245 440 1275; x_wconf 90' lang='lat' dir='ltr'>et</span> <span class='ocrx_word' id='word_1_147' title='bbox 461 1237 552 1276; x_wconf 92' lang='lat' dir='ltr'>ideo</span> <span class='ocrx_word' id='word_1_148' title='bbox 580 1250 719 1275; x_wconf 91' lang='lat' dir='ltr'>omnes</span> <span class='ocrx_word' id='word_1_149' title='bbox 747 1236 843 1275; x_wconf 90' lang='lat' dir='ltr'>istae</span> <span class='ocrx_word' id='word_1_150' title='bbox 868 1237 932 1275; x_wconf 92' lang='lat' dir='ltr'>uel</span> <span class='ocrx_word' id='word_1_151' title='bbox 958 1236 1184 1276; x_wconf 84' lang='lat' dir='ltr'>iracundiae</span> <span class='ocrx_word' id='word_1_152' title='bbox 1209 1238 1283 1285; x_wconf 89' lang='lat' dir='ltr'>dei,</span> <span class='ocrx_word' id='word_1_153' title='bbox 1308 1239 1371 1276; x_wconf 90' lang='lat' dir='ltr'>uel</span> <span class='ocrx_word' id='word_1_154' title='bbox 1398 1238 1500 1285; x_wconf 87' lang='lat' dir='ltr'>odia,</span> 
     </span>
     <span class='ocr_line' id='line_1_18' title="bbox 97 1301 1501 1352; baseline 0.002 -14"><span class='ocrx_word' id='word_1_155' title='bbox 97 1304 158 1339; x_wconf 89' lang='lat' dir='ltr'>uel</span> <span class='ocrx_word' id='word_1_156' title='bbox 185 1315 461 1352; x_wconf 86' lang='lat' dir='ltr'>quaecumque</span> <span class='ocrx_word' id='word_1_157' title='bbox 488 1310 579 1340; x_wconf 92' lang='lat' dir='ltr'>sunt</span> <span class='ocrx_word' id='word_1_158' title='bbox 599 1301 842 1347; x_wconf 88' lang='lat' dir='ltr'>huiusmodi,</span> <span class='ocrx_word' id='word_1_159' title='bbox 864 1302 959 1339; x_wconf 87' lang='lat' dir='ltr'>dum</span> <span class='ocrx_word' id='word_1_160' title='bbox 980 1303 1030 1340; x_wconf 88' lang='lat' dir='ltr'>ad</span> <span class='ocrx_word' id='word_1_161' title='bbox 1059 1302 1298 1340; x_wconf 86' lang='lat' dir='ltr'>medicinam</span> <span class='ocrx_word' id='word_1_162' title='bbox 1327 1311 1501 1342; x_wconf 86' lang='lat' dir='ltr'>nostram</span> 
     </span>
     <span class='ocr_line' id='line_1_19' title="bbox 96 1366 1501 1417; baseline 0.002 -13"><span class='ocrx_word' id='word_1_163' title='bbox 96 1368 346 1416; x_wconf 90' lang='lat' dir='ltr'>proferuntur</span> <span class='ocrx_word' id='word_1_164' title='bbox 376 1368 435 1416; x_wconf 86' lang='lat' dir='ltr'>(ut</span> <span class='ocrx_word' id='word_1_165' title='bbox 465 1381 524 1405; x_wconf 91' lang='lat' dir='ltr'>res</span> <span class='ocrx_word' id='word_1_166' title='bbox 551 1366 697 1417; x_wconf 90' lang='lat' dir='ltr'>docet),</span> <span class='ocrx_word' id='word_1_167' title='bbox 725 1380 771 1405; x_wconf 83' lang='lat' dir='ltr'>ex</span> <span class='ocrx_word' id='word_1_168' title='bbox 798 1366 975 1414; x_wconf 91' lang='lat' dir='ltr'>consilio,</span> <span class='ocrx_word' id='word_1_169' title='bbox 1002 1379 1083 1404; x_wconf 92' lang='lat' dir='ltr'>non</span> <span class='ocrx_word' id='word_1_170' title='bbox 1111 1381 1158 1405; x_wconf 88' lang='lat' dir='ltr'>ex</span> <span class='ocrx_word' id='word_1_171' title='bbox 1178 1367 1274 1405; x_wconf 93' lang='lat' dir='ltr'>uitio</span> <span class='ocrx_word' id='word_1_172' title='bbox 1295 1377 1501 1413; x_wconf 82' lang='lat' dir='ltr'>uenerunt⁷</span> 
     </span>
    </p>
   </div>
   <div class='ocr_carea' id='block_1_3' title="bbox 527 1459 1074 1500">
    <p class='ocr_par' dir='ltr' id='par_1_3' title="bbox 527 1459 1074 1500">
     <span class='ocr_line' id='line_1_20' title="bbox 527 1459 1074 1500; baseline -0.002 -10"><span class='ocrx_word' id='word_1_173' title='bbox 527 1469 538 1490; x_wconf 91' lang='lat'>1</span> <span class='ocrx_word' id='word_1_174' title='bbox 565 1459 752 1500; x_wconf 83' lang='lat' dir='ltr'>legitimas:</span> <span class='ocrx_word' id='word_1_175' title='bbox 778 1469 858 1490; x_wconf 75' lang='lat' dir='ltr'>corr.</span> <span class='ocrx_word' id='word_1_176' title='bbox 880 1459 954 1490; x_wconf 82' lang='lat' dir='ltr'>edd.</span> <span class='ocrx_word' id='word_1_177' title='bbox 975 1459 1074 1500; x_wconf 80' lang='lat' dir='ltr'>Angl.</span> 
     </span>
    </p>
   </div>
   <div class='ocr_carea' id='block_1_4' title="bbox 90 1542 767 2578">
    <p class='ocr_par' dir='ltr' id='par_1_4' title="bbox 90 1542 767 2535">
     <span class='ocr_line' id='line_1_21' title="bbox 95 1542 762 1583; baseline 0.001 -11"><span class='ocrx_word' id='word_1_178' title='bbox 95 1542 365 1583; x_wconf 85' lang='lat' dir='ltr'>anthropopathy</span> <span class='ocrx_word' id='word_1_179' title='bbox 377 1553 414 1572; x_wconf 88' lang='lat' dir='ltr'>or</span> <span class='ocrx_word' id='word_1_180' title='bbox 430 1542 762 1583; x_wconf 86' lang='lat' dir='ltr'>anthropopsychism</span> 
     </span>
     <span class='ocr_line' id='line_1_22' title="bbox 97 1585 762 1626; baseline 0.002 -11"><span class='ocrx_word' id='word_1_181' title='bbox 97 1586 206 1616; x_wconf 75' lang='lat' dir='ltr'>would</span> <span class='ocrx_word' id='word_1_182' title='bbox 228 1586 302 1626; x_wconf 84' lang='lat' dir='ltr'>give</span> <span class='ocrx_word' id='word_1_183' title='bbox 323 1587 376 1616; x_wconf 90' lang='lat' dir='ltr'>the</span> <span class='ocrx_word' id='word_1_184' title='bbox 401 1585 467 1616; x_wconf 87' lang='lat' dir='ltr'>real</span> <span class='ocrx_word' id='word_1_185' title='bbox 492 1592 626 1616; x_wconf 88' lang='lat' dir='ltr'>content</span> <span class='ocrx_word' id='word_1_186' title='bbox 652 1586 689 1616; x_wconf 90' lang='lat' dir='ltr'>of</span> <span class='ocrx_word' id='word_1_187' title='bbox 707 1585 762 1616; x_wconf 90' lang='lat' dir='ltr'>the</span> 
     </span>
     <span class='ocr_line' id='line_1_23' title="bbox 95 1628 762 1667; baseline 0.001 -9"><span class='ocrx_word' id='word_1_188' title='bbox 95 1629 180 1659; x_wconf 80' lang='lat' dir='ltr'>idea.</span> <span class='ocrx_word' id='word_1_189' title='bbox 243 1629 342 1664; x_wconf 88' lang='lat' dir='ltr'>True,</span> <span class='ocrx_word' id='word_1_190' title='bbox 384 1629 542 1659; x_wconf 82' lang='lat' dir='ltr'>Harnack</span> <span class='ocrx_word' id='word_1_191' title='bbox 581 1628 639 1667; x_wconf 83' lang='lat' dir='ltr'>(D.</span> <span class='ocrx_word' id='word_1_192' title='bbox 668 1630 705 1659; x_wconf 83' lang='lat' dir='ltr'>G.</span> <span class='ocrx_word' id='word_1_193' title='bbox 738 1628 762 1659; x_wconf 72' lang='lat'>1³³</span> 
     </span>
     <span class='ocr_line' id='line_1_24' title="bbox 97 1672 767 1712; baseline 0 -10"><span class='ocrx_word' id='word_1_194' title='bbox 97 1672 172 1711; x_wconf 77' lang='lat'>531)</span> <span class='ocrx_word' id='word_1_195' title='bbox 196 1683 363 1712; x_wconf 88' lang='lat' dir='ltr'>expresses</span> <span class='ocrx_word' id='word_1_196' title='bbox 383 1672 458 1703; x_wconf 86' lang='lat' dir='ltr'>thus</span> <span class='ocrx_word' id='word_1_197' title='bbox 477 1672 532 1703; x_wconf 92' lang='lat' dir='ltr'>the</span> <span class='ocrx_word' id='word_1_198' title='bbox 555 1672 707 1712; x_wconf 80' lang='lat' dir='ltr'>teaching</span> <span class='ocrx_word' id='word_1_199' title='bbox 729 1672 767 1702; x_wconf 90' lang='lat' dir='ltr'>of</span> 
     </span>
     <span class='ocr_line' id='line_1_25' title="bbox 96 1715 760 1753; baseline 0.002 -8"><span class='ocrx_word' id='word_1_200' title='bbox 96 1716 151 1745; x_wconf 89' lang='lat' dir='ltr'>the</span> <span class='ocrx_word' id='word_1_201' title='bbox 189 1716 282 1746; x_wconf 87' lang='lat' dir='ltr'>older</span> <span class='ocrx_word' id='word_1_202' title='bbox 319 1715 442 1746; x_wconf 85' lang='lat' dir='ltr'>fathers</span> <span class='ocrx_word' id='word_1_203' title='bbox 495 1717 543 1753; x_wconf 81' lang='lat' dir='ltr'>(as</span> <span class='ocrx_word' id='word_1_204' title='bbox 594 1716 760 1751; x_wconf 80' lang='lat' dir='ltr'>1renaeus,</span> 
     </span>
     <span class='ocr_line' id='line_1_26' title="bbox 95 1758 761 1800; baseline 0 -11"><span class='ocrx_word' id='word_1_205' title='bbox 95 1759 289 1796; x_wconf 84' lang='lat' dir='ltr'>Tertullian‚</span> <span class='ocrx_word' id='word_1_206' title='bbox 304 1758 578 1800; x_wconf 67' lang='lat' dir='ltr'>Hippolytusl—‘</span> <span class='ocrx_word' id='word_1_207' title='bbox 590 1759 665 1789; x_wconf 83' lang='lat' dir='ltr'>God</span> <span class='ocrx_word' id='word_1_208' title='bbox 680 1759 705 1789; x_wconf 85' lang='lat' dir='ltr'>is</span> <span class='ocrx_word' id='word_1_209' title='bbox 717 1759 761 1789; x_wconf 86' lang='lat' dir='ltr'>all</span> 
     </span>
     <span class='ocr_line' id='line_1_27' title="bbox 95 1802 756 1842; baseline 0 -10"><span class='ocrx_word' id='word_1_210' title='bbox 95 1802 189 1842; x_wconf 84' lang='lat' dir='ltr'>light,</span> <span class='ocrx_word' id='word_1_211' title='bbox 207 1802 250 1832; x_wconf 86' lang='lat' dir='ltr'>all</span> <span class='ocrx_word' id='word_1_212' title='bbox 276 1803 547 1842; x_wconf 84' lang='lat' dir='ltr'>understanding‚</span> <span class='ocrx_word' id='word_1_213' title='bbox 568 1802 611 1832; x_wconf 89' lang='lat' dir='ltr'>all</span> <span class='ocrx_word' id='word_1_214' title='bbox 636 1802 756 1842; x_wconf 87' lang='lat' dir='ltr'>Logos,</span> 
     </span>
     <span class='ocr_line' id='line_1_28' title="bbox 95 1845 762 1886; baseline 0 -11"><span class='ocrx_word' id='word_1_215' title='bbox 95 1845 138 1875; x_wconf 88' lang='lat' dir='ltr'>all</span> <span class='ocrx_word' id='word_1_216' title='bbox 178 1845 325 1886; x_wconf 82' lang='lat' dir='ltr'>spiritual</span> <span class='ocrx_word' id='word_1_217' title='bbox 364 1845 499 1886; x_wconf 84' lang='lat' dir='ltr'>activity</span> <span class='ocrx_word' id='word_1_218' title='bbox 520 1857 526 1875; x_wconf 81' lang='lat' dir='ltr'><em>z</em></span> <span class='ocrx_word' id='word_1_219' title='bbox 567 1845 762 1886; x_wconf 80' lang='lat' dir='ltr'>everything</span> 
     </span>
     <span class='ocr_line' id='line_1_29' title="bbox 94 1888 758 1930; baseline 0.002 -12"><span class='ocrx_word' id='word_1_220' title='bbox 94 1888 373 1929; x_wconf 83' lang='lat' dir='ltr'>anthropopathic</span> <span class='ocrx_word' id='word_1_221' title='bbox 408 1889 473 1919; x_wconf 81' lang='lat' dir='ltr'>and</span> <span class='ocrx_word' id='word_1_222' title='bbox 506 1889 758 1930; x_wconf 85' lang='lat' dir='ltr'>anthropomor-</span> 
     </span>
     <span class='ocr_line' id='line_1_30' title="bbox 94 1932 759 1972; baseline 0.002 -10"><span class='ocrx_word' id='word_1_223' title='bbox 94 1932 170 1972; x_wconf 90' lang='lat' dir='ltr'>phic</span> <span class='ocrx_word' id='word_1_224' title='bbox 202 1939 288 1963; x_wconf 84' lang='lat' dir='ltr'>must</span> <span class='ocrx_word' id='word_1_225' title='bbox 321 1933 361 1963; x_wconf 88' lang='lat' dir='ltr'>be</span> <span class='ocrx_word' id='word_1_226' title='bbox 393 1932 552 1963; x_wconf 82' lang='lat' dir='ltr'>excluded</span> <span class='ocrx_word' id='word_1_227' title='bbox 588 1932 671 1962; x_wconf 82' lang='lat' dir='ltr'>from</span> <span class='ocrx_word' id='word_1_228' title='bbox 704 1933 759 1963; x_wconf 88' lang='lat' dir='ltr'>the</span> 
     </span>
     <span class='ocr_line' id='line_1_31' title="bbox 95 1975 759 2016; baseline 0 -11"><span class='ocrx_word' id='word_1_229' title='bbox 95 1975 292 2016; x_wconf 87' lang='lat' dir='ltr'>conception</span> <span class='ocrx_word' id='word_1_230' title='bbox 310 1975 347 2006; x_wconf 90' lang='lat' dir='ltr'>of</span> <span class='ocrx_word' id='word_1_231' title='bbox 359 1976 434 2006; x_wconf 89' lang='lat' dir='ltr'>God</span> <span class='ocrx_word' id='word_1_232' title='bbox 451 1976 456 1982; x_wconf 62' lang='lat'>¹</span> <span class='ocrx_word' id='word_1_233' title='bbox 473 1987 479 2005; x_wconf 91' lang='lat'>:</span> <span class='ocrx_word' id='word_1_234' title='bbox 505 1976 563 2005; x_wconf 87' lang='lat' dir='ltr'>but</span> <span class='ocrx_word' id='word_1_235' title='bbox 580 1986 642 2006; x_wconf 92' lang='lat' dir='ltr'>one</span> <span class='ocrx_word' id='word_1_236' title='bbox 660 1975 696 2005; x_wconf 90' lang='lat' dir='ltr'>of</span> <span class='ocrx_word' id='word_1_237' title='bbox 709 1975 759 2006; x_wconf 89' lang='lat' dir='ltr'>his</span> 
     </span>
     <span class='ocr_line' id='line_1_32' title="bbox 93 2018 759 2059; baseline 0.002 -11"><span class='ocrx_word' id='word_1_238' title='bbox 93 2018 273 2049; x_wconf 84' lang='lat' dir='ltr'>references</span> <span class='ocrx_word' id='word_1_239' title='bbox 291 2026 324 2049; x_wconf 89' lang='lat' dir='ltr'>to</span> <span class='ocrx_word' id='word_1_240' title='bbox 337 2018 519 2049; x_wconf 84' lang='lat' dir='ltr'>Tertullian</span> <span class='ocrx_word' id='word_1_241' title='bbox 538 2019 564 2049; x_wconf 85' lang='lat' dir='ltr'>is</span> <span class='ocrx_word' id='word_1_242' title='bbox 578 2019 707 2059; x_wconf 84' lang='lat' dir='ltr'>enough</span> <span class='ocrx_word' id='word_1_243' title='bbox 726 2024 759 2049; x_wconf 87' lang='lat' dir='ltr'>to</span> 
     </span>
     <span class='ocr_line' id='line_1_33' title="bbox 92 2061 760 2102; baseline 0 -10"><span class='ocrx_word' id='word_1_244' title='bbox 92 2061 182 2092; x_wconf 86' lang='lat' dir='ltr'>shew</span> <span class='ocrx_word' id='word_1_245' title='bbox 208 2062 277 2092; x_wconf 88' lang='lat' dir='ltr'>that</span> <span class='ocrx_word' id='word_1_246' title='bbox 305 2062 360 2092; x_wconf 90' lang='lat' dir='ltr'>the</span> <span class='ocrx_word' id='word_1_247' title='bbox 387 2062 492 2092; x_wconf 88' lang='lat' dir='ltr'>moral</span> <span class='ocrx_word' id='word_1_248' title='bbox 519 2062 584 2092; x_wconf 86' lang='lat' dir='ltr'>and</span> <span class='ocrx_word' id='word_1_249' title='bbox 611 2062 760 2102; x_wconf 83' lang='lat' dir='ltr'>spiritual</span> 
     </span>
     <span class='ocr_line' id='line_1_34' title="bbox 91 2105 758 2146; baseline 0 -11"><span class='ocrx_word' id='word_1_250' title='bbox 91 2105 273 2143; x_wconf 81' lang='lat' dir='ltr'>attributes,</span> <span class='ocrx_word' id='word_1_251' title='bbox 296 2105 404 2135; x_wconf 77' lang='lat' dir='ltr'>which</span> <span class='ocrx_word' id='word_1_252' title='bbox 425 2115 548 2146; x_wconf 84' lang='lat' dir='ltr'>appear</span> <span class='ocrx_word' id='word_1_253' title='bbox 573 2105 605 2135; x_wconf 90' lang='lat' dir='ltr'>in</span> <span class='ocrx_word' id='word_1_254' title='bbox 628 2116 703 2135; x_wconf 86' lang='lat' dir='ltr'>man</span> <span class='ocrx_word' id='word_1_255' title='bbox 726 2105 758 2135; x_wconf 92' lang='lat' dir='ltr'>in</span> 
     </span>
     <span class='ocr_line' id='line_1_35' title="bbox 92 2148 759 2189; baseline 0.001 -11"><span class='ocrx_word' id='word_1_256' title='bbox 92 2159 132 2178; x_wconf 86' lang='lat' dir='ltr'>an</span> <span class='ocrx_word' id='word_1_257' title='bbox 151 2148 313 2188; x_wconf 81' lang='lat' dir='ltr'>infinitely</span> <span class='ocrx_word' id='word_1_258' title='bbox 329 2148 392 2179; x_wconf 77' lang='lat' dir='ltr'>less</span> <span class='ocrx_word' id='word_1_259' title='bbox 408 2149 539 2189; x_wconf 84' lang='lat' dir='ltr'>degree,</span> <span class='ocrx_word' id='word_1_260' title='bbox 559 2158 613 2178; x_wconf 86' lang='lat' dir='ltr'>are</span> <span class='ocrx_word' id='word_1_261' title='bbox 630 2149 672 2188; x_wconf 80' lang='lat' dir='ltr'>by</span> <span class='ocrx_word' id='word_1_262' title='bbox 690 2148 759 2179; x_wconf 84' lang='lat' dir='ltr'>that</span> 
     </span>
     <span class='ocr_line' id='line_1_36' title="bbox 92 2191 757 2232; baseline 0.002 -11"><span class='ocrx_word' id='word_1_263' title='bbox 92 2191 197 2222; x_wconf 85' lang='lat' dir='ltr'>father</span> <span class='ocrx_word' id='word_1_264' title='bbox 233 2192 425 2232; x_wconf 84' lang='lat' dir='ltr'>predicated</span> <span class='ocrx_word' id='word_1_265' title='bbox 457 2192 493 2222; x_wconf 86' lang='lat' dir='ltr'>of</span> <span class='ocrx_word' id='word_1_266' title='bbox 529 2192 627 2222; x_wconf 84' lang='lat' dir='ltr'>God:</span> <span class='ocrx_word' id='word_1_267' title='bbox 664 2195 757 2232; x_wconf 87' lang='lat' dir='ltr'>‘pro-</span> 
     </span>
     <span class='ocr_line' id='line_1_37' title="bbox 91 2235 759 2275; baseline 0 -10"><span class='ocrx_word' id='word_1_268' title='bbox 91 2245 225 2275; x_wconf 87' lang='lat' dir='ltr'>ponam,</span> <span class='ocrx_word' id='word_1_269' title='bbox 238 2235 346 2265; x_wconf 87' lang='lat' dir='ltr'>Deum</span> <span class='ocrx_word' id='word_1_270' title='bbox 360 2245 426 2265; x_wconf 90' lang='lat' dir='ltr'>non</span> <span class='ocrx_word' id='word_1_271' title='bbox 444 2235 588 2275; x_wconf 80' lang='lat' dir='ltr'>potuisse</span> <span class='ocrx_word' id='word_1_272' title='bbox 597 2235 759 2265; x_wconf 88' lang='lat' dir='ltr'>humanos</span> 
     </span>
     <span class='ocr_line' id='line_1_38' title="bbox 92 2278 757 2319; baseline 0 -11"><span class='ocrx_word' id='word_1_273' title='bbox 92 2289 284 2319; x_wconf 87' lang='lat' dir='ltr'>congressus</span> <span class='ocrx_word' id='word_1_274' title='bbox 317 2278 409 2313; x_wconf 90' lang='lat' dir='ltr'>inire,</span> <span class='ocrx_word' id='word_1_275' title='bbox 442 2279 502 2309; x_wconf 91' lang='lat' dir='ltr'>nisi</span> <span class='ocrx_word' id='word_1_276' title='bbox 534 2278 695 2308; x_wconf 88' lang='lat' dir='ltr'>humanos</span> <span class='ocrx_word' id='word_1_277' title='bbox 726 2285 757 2309; x_wconf 91' lang='lat' dir='ltr'>et</span> 
     </span>
     <span class='ocr_line' id='line_1_39' title="bbox 91 2321 758 2362; baseline 0 -10"><span class='ocrx_word' id='word_1_278' title='bbox 91 2332 204 2352; x_wconf 85' lang='lat' dir='ltr'>sensus</span> <span class='ocrx_word' id='word_1_279' title='bbox 234 2328 265 2352; x_wconf 88' lang='lat' dir='ltr'>et</span> <span class='ocrx_word' id='word_1_280' title='bbox 297 2322 431 2352; x_wconf 86' lang='lat' dir='ltr'>affectus</span> <span class='ocrx_word' id='word_1_281' title='bbox 462 2321 665 2361; x_wconf 78' lang='lat' dir='ltr'>suscepisset,</span> <span class='ocrx_word' id='word_1_282' title='bbox 701 2332 758 2362; x_wconf 85' lang='lat' dir='ltr'>per</span> 
     </span>
     <span class='ocr_line' id='line_1_40' title="bbox 91 2365 756 2406; baseline -0.002 -11"><span class='ocrx_word' id='word_1_283' title='bbox 91 2375 173 2406; x_wconf 84' lang='lat' dir='ltr'>quos</span> <span class='ocrx_word' id='word_1_284' title='bbox 205 2365 271 2395; x_wconf 91' lang='lat' dir='ltr'>uirn</span> <span class='ocrx_word' id='word_1_285' title='bbox 306 2365 485 2396; x_wconf 85' lang='lat' dir='ltr'>maiestatis</span> <span class='ocrx_word' id='word_1_286' title='bbox 523 2375 612 2400; x_wconf 86' lang='lat' dir='ltr'>suae,</span> <span class='ocrx_word' id='word_1_287' title='bbox 641 2365 756 2395; x_wconf 91' lang='lat' dir='ltr'>intole-</span> 
     </span>
     <span class='ocr_line' id='line_1_41' title="bbox 91 2408 756 2449; baseline 0 -11"><span class='ocrx_word' id='word_1_288' title='bbox 91 2408 756 2449; x_wconf 78' lang='lat' dir='ltr'>rabilemutiquehumanaexnediocritati,</span> 
     </span>
     <span class='ocr_line' id='line_1_42' title="bbox 90 2451 753 2492; baseline 0.002 -11"><span class='ocrx_word' id='word_1_289' title='bbox 90 2451 277 2482; x_wconf 87' lang='lat' dir='ltr'>humilitate</span> <span class='ocrx_word' id='word_1_290' title='bbox 301 2458 498 2492; x_wconf 85' lang='lat' dir='ltr'>temperaret</span> <span class='ocrx_word' id='word_1_291' title='bbox 511 2451 518 2465; x_wconf 83' lang='lat'><em>&#39;</em></span> <span class='ocrx_word' id='word_1_292' title='bbox 537 2452 626 2489; x_wconf 80' lang='lat' dir='ltr'>(adu.</span> <span class='ocrx_word' id='word_1_293' title='bbox 645 2452 753 2482; x_wconf 66' lang='lat' dir='ltr'>Alarc.</span> 
     </span>
     <span class='ocr_line' id='line_1_43' title="bbox 90 2494 194 2535; baseline 0 -11"><span class='ocrx_word' id='word_1_294' title='bbox 90 2495 110 2524; x_wconf 86' lang='lat' dir='ltr'>ii</span> <span class='ocrx_word' id='word_1_295' title='bbox 130 2494 194 2535; x_wconf 81' lang='lat'><strong>27).</strong></span> 
     </span>
    </p>

    <p class='ocr_par' dir='ltr' id='par_1_5' title="bbox 138 2537 761 2578">
     <span class='ocr_line' id='line_1_44' title="bbox 138 2537 761 2578; baseline 0 -10"><span class='ocrx_word' id='word_1_296' title='bbox 138 2549 163 2568; x_wconf 79' lang='grc' dir='ltr'>ι.</span> <span class='ocrx_word' id='word_1_297' title='bbox 210 2538 426 2577; x_wconf 73' lang='lat' dir='ltr'>iracundias]</span> <span class='ocrx_word' id='word_1_298' title='bbox 476 2537 530 2569; x_wconf 87' lang='lat' dir='ltr'>the</span> <span class='ocrx_word' id='word_1_299' title='bbox 574 2537 680 2578; x_wconf 87' lang='lat' dir='ltr'>plural</span> <span class='ocrx_word' id='word_1_300' title='bbox 724 2537 761 2568; x_wconf 90' lang='lat' dir='ltr'>of</span> 
     </span>
    </p>
   </div>
   <div class='ocr_carea' id='block_1_5' title="bbox 198 2617 294 2644">
    <p class='ocr_par' dir='ltr' id='par_1_6' title="bbox 198 2617 294 2644">
     <span class='ocr_line' id='line_1_45' title="bbox 198 2617 294 2644; baseline 0.01 -1"><span class='ocrx_word' id='word_1_301' title='bbox 198 2617 232 2643; x_wconf 83' lang='lat' dir='ltr'>F.</span> <span class='ocrx_word' id='word_1_302' title='bbox 254 2617 294 2644; x_wconf 86' lang='lat' dir='ltr'>N.</span> 
     </span>
    </p>
   </div>
   <div class='ocr_carea' id='block_1_6' title="bbox 822 1542 1503 2535">
    <p class='ocr_par' dir='ltr' id='par_1_7' title="bbox 831 1542 1503 1713">
     <span class='ocr_line' id='line_1_46' title="bbox 831 1542 1500 1583; baseline 0.004 -11"><span class='ocrx_word' id='word_1_303' title='bbox 831 1542 973 1573; x_wconf 86' lang='lat' dir='ltr'>abstract</span> <span class='ocrx_word' id='word_1_304' title='bbox 1006 1542 1115 1572; x_wconf 85' lang='lat' dir='ltr'>words</span> <span class='ocrx_word' id='word_1_305' title='bbox 1147 1542 1183 1572; x_wconf 88' lang='lat' dir='ltr'>of</span> <span class='ocrx_word' id='word_1_306' title='bbox 1211 1542 1332 1583; x_wconf 84' lang='lat' dir='ltr'>feeling</span> <span class='ocrx_word' id='word_1_307' title='bbox 1362 1543 1500 1575; x_wconf 83' lang='lat' dir='ltr'>denotes</span> 
     </span>
     <span class='ocr_line' id='line_1_47' title="bbox 831 1585 1497 1628; baseline 0.005 -13"><span class='ocrx_word' id='word_1_308' title='bbox 831 1585 1009 1626; x_wconf 85' lang='lat' dir='ltr'>particular</span> <span class='ocrx_word' id='word_1_309' title='bbox 1024 1585 1188 1616; x_wconf 85' lang='lat' dir='ltr'>instances</span> <span class='ocrx_word' id='word_1_310' title='bbox 1210 1585 1247 1616; x_wconf 82' lang='lat' dir='ltr'>os</span> <span class='ocrx_word' id='word_1_311' title='bbox 1266 1586 1336 1616; x_wconf 81' lang='lat' dir='ltr'>that</span> <span class='ocrx_word' id='word_1_312' title='bbox 1354 1586 1497 1628; x_wconf 86' lang='lat' dir='ltr'>feeling:</span> 
     </span>
     <span class='ocr_line' id='line_1_48' title="bbox 833 1628 1503 1669; baseline 0.003 -10"><span class='ocrx_word' id='word_1_313' title='bbox 833 1629 991 1665; x_wconf 84' lang='lat' dir='ltr'>‘dolores,</span> <span class='ocrx_word' id='word_1_314' title='bbox 1025 1628 1172 1669; x_wconf 80' lang='lat' dir='ltr'>gaudia‚’</span> <span class='ocrx_word' id='word_1_315' title='bbox 1207 1631 1436 1661; x_wconf 86' lang='lat' dir='ltr'>‘recurrences</span> <span class='ocrx_word' id='word_1_316' title='bbox 1465 1631 1503 1661; x_wconf 84' lang='lat' dir='ltr'>of</span> 
     </span>
     <span class='ocr_line' id='line_1_49' title="bbox 831 1672 1120 1713; baseline 0 -11"><span class='ocrx_word' id='word_1_317' title='bbox 831 1672 920 1713; x_wconf 88' lang='lat' dir='ltr'>pain,</span> <span class='ocrx_word' id='word_1_318' title='bbox 949 1672 1120 1712; x_wconf 82' lang='lat' dir='ltr'>triumph.⁷</span> 
     </span>
    </p>

    <p class='ocr_par' dir='ltr' id='par_1_8' title="bbox 830 1717 1496 1833">
     <span class='ocr_line' id='line_1_50' title="bbox 876 1717 1496 1755; baseline 0.003 -10"><span class='ocrx_word' id='word_1_319' title='bbox 876 1726 905 1755; x_wconf 80' lang='lat'>3.</span> <span class='ocrx_word' id='word_1_320' title='bbox 953 1718 998 1746; x_wconf 85' lang='lat' dir='ltr'>ad</span> <span class='ocrx_word' id='word_1_321' title='bbox 1023 1717 1255 1745; x_wconf 78' lang='lat' dir='ltr'>humanorum</span> <span class='ocrx_word' id='word_1_322' title='bbox 1287 1717 1365 1754; x_wconf 86' lang='lat' dir='ltr'>cet.]</span> <span class='ocrx_word' id='word_1_323' title='bbox 1403 1718 1496 1747; x_wconf 85' lang='lat' dir='ltr'>‘nar-</span> 
     </span>
     <span class='ocr_line' id='line_1_51' title="bbox 831 1758 1494 1790; baseline 0.002 -1"><span class='ocrx_word' id='word_1_324' title='bbox 831 1759 922 1789; x_wconf 85' lang='lat' dir='ltr'>rated</span> <span class='ocrx_word' id='word_1_325' title='bbox 945 1758 983 1789; x_wconf 87' lang='lat' dir='ltr'>of</span> <span class='ocrx_word' id='word_1_326' title='bbox 1003 1759 1084 1788; x_wconf 87' lang='lat' dir='ltr'>Him</span> <span class='ocrx_word' id='word_1_327' title='bbox 1106 1759 1138 1788; x_wconf 88' lang='lat' dir='ltr'>in</span> <span class='ocrx_word' id='word_1_328' title='bbox 1157 1758 1211 1789; x_wconf 86' lang='lat' dir='ltr'>the</span> <span class='ocrx_word' id='word_1_329' title='bbox 1228 1769 1320 1790; x_wconf 87' lang='lat' dir='ltr'>sense</span> <span class='ocrx_word' id='word_1_330' title='bbox 1337 1760 1369 1789; x_wconf 91' lang='lat' dir='ltr'>in</span> <span class='ocrx_word' id='word_1_331' title='bbox 1388 1760 1494 1790; x_wconf 83' lang='lat' dir='ltr'>which</span> 
     </span>
     <span class='ocr_line' id='line_1_52' title="bbox 830 1801 1261 1833; baseline -0.002 -1"><span class='ocrx_word' id='word_1_332' title='bbox 830 1802 921 1833; x_wconf 91' lang='lat' dir='ltr'>these</span> <span class='ocrx_word' id='word_1_333' title='bbox 938 1812 992 1833; x_wconf 86' lang='lat' dir='ltr'>are</span> <span class='ocrx_word' id='word_1_334' title='bbox 1008 1802 1131 1832; x_wconf 82' lang='lat' dir='ltr'>human</span> <span class='ocrx_word' id='word_1_335' title='bbox 1150 1801 1261 1833; x_wconf 84' lang='lat' dir='ltr'>vices.&#39;</span> 
     </span>
    </p>

    <p class='ocr_par' dir='ltr' id='par_1_9' title="bbox 822 1845 1496 2308">
     <span class='ocr_line' id='line_1_53' title="bbox 874 1845 1494 1887; baseline 0.002 -12"><span class='ocrx_word' id='word_1_336' title='bbox 874 1859 904 1884; x_wconf 81' lang='lat'>4.</span> <span class='ocrx_word' id='word_1_337' title='bbox 953 1845 1028 1875; x_wconf 77' lang='lat' dir='ltr'>‘All</span> <span class='ocrx_word' id='word_1_338' title='bbox 1054 1845 1144 1876; x_wconf 89' lang='lat' dir='ltr'>these</span> <span class='ocrx_word' id='word_1_339' title='bbox 1168 1845 1348 1883; x_wconf 81' lang='lat' dir='ltr'>affections,</span> <span class='ocrx_word' id='word_1_340' title='bbox 1371 1846 1494 1887; x_wconf 80' lang='lat' dir='ltr'>though</span> 
     </span>
     <span class='ocr_line' id='line_1_54' title="bbox 829 1888 1493 1929; baseline 0.003 -10"><span class='ocrx_word' id='word_1_341' title='bbox 829 1888 906 1928; x_wconf 89' lang='lat' dir='ltr'>they</span> <span class='ocrx_word' id='word_1_342' title='bbox 938 1899 1013 1928; x_wconf 87' lang='lat' dir='ltr'>may</span> <span class='ocrx_word' id='word_1_343' title='bbox 1045 1896 1176 1929; x_wconf 84' lang='lat' dir='ltr'>corrupt</span> <span class='ocrx_word' id='word_1_344' title='bbox 1214 1889 1335 1919; x_wconf 83' lang='lat' dir='ltr'>human</span> <span class='ocrx_word' id='word_1_345' title='bbox 1367 1896 1493 1927; x_wconf 83' lang='lat' dir='ltr'>nature,</span> 
     </span>
     <span class='ocr_line' id='line_1_55' title="bbox 828 1932 1496 1972; baseline 0.003 -10"><span class='ocrx_word' id='word_1_346' title='bbox 828 1938 950 1963; x_wconf 89' lang='lat' dir='ltr'>cannot</span> <span class='ocrx_word' id='word_1_347' title='bbox 982 1939 1015 1963; x_wconf 88' lang='lat' dir='ltr'>at</span> <span class='ocrx_word' id='word_1_348' title='bbox 1046 1932 1090 1962; x_wconf 88' lang='lat' dir='ltr'>all</span> <span class='ocrx_word' id='word_1_349' title='bbox 1129 1933 1248 1972; x_wconf 86' lang='lat' dir='ltr'>impair</span> <span class='ocrx_word' id='word_1_350' title='bbox 1279 1933 1334 1963; x_wconf 91' lang='lat' dir='ltr'>the</span> <span class='ocrx_word' id='word_1_351' title='bbox 1374 1933 1496 1964; x_wconf 87' lang='lat' dir='ltr'>Divine</span> 
     </span>
     <span class='ocr_line' id='line_1_56' title="bbox 829 1974 1493 2012; baseline 0.002 -6"><span class='ocrx_word' id='word_1_352' title='bbox 829 1974 984 2006; x_wconf 79' lang='lat' dir='ltr'>essence.⁷</span> <span class='ocrx_word' id='word_1_353' title='bbox 1042 1976 1080 2006; x_wconf 90' lang='lat' dir='ltr'>In</span> <span class='ocrx_word' id='word_1_354' title='bbox 1118 1975 1173 2005; x_wconf 88' lang='lat' dir='ltr'>the</span> <span class='ocrx_word' id='word_1_355' title='bbox 1212 1982 1287 2006; x_wconf 75' lang='lat' dir='ltr'>next</span> <span class='ocrx_word' id='word_1_356' title='bbox 1327 1982 1493 2012; x_wconf 85' lang='lat' dir='ltr'>sentence,</span> 
     </span>
     <span class='ocr_line' id='line_1_57' title="bbox 822 2019 1494 2058; baseline 0.003 -10"><span class='ocrx_word' id='word_1_357' title='bbox 822 2019 990 2058; x_wconf 74' lang='lat' dir='ltr'>passiones</span> <span class='ocrx_word' id='word_1_358' title='bbox 1017 2024 1103 2048; x_wconf 84' lang='lat' dir='ltr'>must</span> <span class='ocrx_word' id='word_1_359' title='bbox 1144 2019 1185 2049; x_wconf 89' lang='lat' dir='ltr'>be</span> <span class='ocrx_word' id='word_1_360' title='bbox 1228 2019 1327 2049; x_wconf 84' lang='lat' dir='ltr'>taken</span> <span class='ocrx_word' id='word_1_361' title='bbox 1366 2030 1401 2050; x_wconf 84' lang='lat' dir='ltr'>as</span> <span class='ocrx_word' id='word_1_362' title='bbox 1439 2020 1494 2050; x_wconf 90' lang='lat' dir='ltr'>the</span> 
     </span>
     <span class='ocr_line' id='line_1_58' title="bbox 829 2062 1493 2102; baseline 0.002 -10"><span class='ocrx_word' id='word_1_363' title='bbox 829 2062 1006 2101; x_wconf 85' lang='lat' dir='ltr'>predicate,</span> <span class='ocrx_word' id='word_1_364' title='bbox 1036 2063 1115 2092; x_wconf 75' lang='lat' dir='ltr'>istae</span> <span class='ocrx_word' id='word_1_365' title='bbox 1137 2062 1237 2102; x_wconf 90' lang='lat' dir='ltr'>being</span> <span class='ocrx_word' id='word_1_366' title='bbox 1261 2063 1422 2093; x_wconf 85' lang='lat' dir='ltr'>attracted</span> <span class='ocrx_word' id='word_1_367' title='bbox 1446 2063 1493 2093; x_wconf 87' lang='lat' dir='ltr'>in·</span> 
     </span>
     <span class='ocr_line' id='line_1_59' title="bbox 829 2105 1493 2147; baseline 0.002 -12"><span class='ocrx_word' id='word_1_368' title='bbox 829 2111 863 2135; x_wconf 85' lang='lat' dir='ltr'>to</span> <span class='ocrx_word' id='word_1_369' title='bbox 898 2111 1113 2145; x_wconf 85' lang='lat' dir='ltr'>agreement:</span> <span class='ocrx_word' id='word_1_370' title='bbox 1157 2105 1237 2136; x_wconf 87' lang='lat' dir='ltr'>such</span> <span class='ocrx_word' id='word_1_371' title='bbox 1270 2105 1379 2146; x_wconf 87' lang='lat' dir='ltr'>things</span> <span class='ocrx_word' id='word_1_372' title='bbox 1418 2116 1493 2147; x_wconf 87' lang='lat' dir='ltr'>may</span> 
     </span>
     <span class='ocr_line' id='line_1_60' title="bbox 829 2147 1491 2188; baseline 0.002 -10"><span class='ocrx_word' id='word_1_373' title='bbox 829 2148 950 2188; x_wconf 88' lang='lat' dir='ltr'>rightly</span> <span class='ocrx_word' id='word_1_374' title='bbox 966 2149 1006 2179; x_wconf 91' lang='lat' dir='ltr'>be</span> <span class='ocrx_word' id='word_1_375' title='bbox 1031 2148 1137 2178; x_wconf 80' lang='lat' dir='ltr'>called</span> <span class='ocrx_word' id='word_1_376' title='bbox 1156 2147 1335 2188; x_wconf 87' lang='lat' dir='ltr'>‘passions&#39;</span> <span class='ocrx_word' id='word_1_377' title='bbox 1354 2149 1387 2178; x_wconf 90' lang='lat' dir='ltr'>in</span> <span class='ocrx_word' id='word_1_378' title='bbox 1404 2159 1491 2184; x_wconf 68' lang='lat' dir='ltr'>men,</span> 
     </span>
     <span class='ocr_line' id='line_1_61' title="bbox 828 2191 1493 2232; baseline 0.003 -11"><span class='ocrx_word' id='word_1_379' title='bbox 828 2202 904 2221; x_wconf 85' lang='lat' dir='ltr'>man</span> <span class='ocrx_word' id='word_1_380' title='bbox 944 2191 1082 2232; x_wconf 82' lang='lat' dir='ltr'>starting</span> <span class='ocrx_word' id='word_1_381' title='bbox 1120 2191 1199 2222; x_wconf 80' lang='lat' dir='ltr'>with</span> <span class='ocrx_word' id='word_1_382' title='bbox 1247 2202 1265 2222; x_wconf 91' lang='lat' dir='ltr'>a</span> <span class='ocrx_word' id='word_1_383' title='bbox 1305 2192 1493 2232; x_wconf 80' lang='lat' dir='ltr'>‘passibilis</span> 
     </span>
     <span class='ocr_line' id='line_1_62' title="bbox 828 2234 1491 2267; baseline 0.005 -3"><span class='ocrx_word' id='word_1_384' title='bbox 828 2234 986 2265; x_wconf 84' lang='lat' dir='ltr'>materia.&#39;</span> <span class='ocrx_word' id='word_1_385' title='bbox 1033 2234 1181 2265; x_wconf 78' lang='lat' dir='ltr'>Observe</span> <span class='ocrx_word' id='word_1_386' title='bbox 1197 2234 1252 2265; x_wconf 88' lang='lat' dir='ltr'>the</span> <span class='ocrx_word' id='word_1_387' title='bbox 1273 2241 1415 2266; x_wconf 85' lang='lat' dir='ltr'>contrast</span> <span class='ocrx_word' id='word_1_388' title='bbox 1437 2236 1491 2267; x_wconf 87' lang='lat' dir='ltr'>be-</span> 
     </span>
     <span class='ocr_line' id='line_1_63' title="bbox 827 2278 1380 2308; baseline 0 0"><span class='ocrx_word' id='word_1_389' title='bbox 827 2283 933 2308; x_wconf 78' lang='lat' dir='ltr'>tween</span> <span class='ocrx_word' id='word_1_390' title='bbox 951 2278 1089 2308; x_wconf 48' lang='lat' dir='ltr'>maaria</span> <span class='ocrx_word' id='word_1_391' title='bbox 1106 2278 1171 2308; x_wconf 91' lang='lat' dir='ltr'>and</span> <span class='ocrx_word' id='word_1_392' title='bbox 1187 2278 1380 2308; x_wconf 78' lang='lat' dir='ltr'>substantia.</span> 
     </span>
    </p>

    <p class='ocr_par' dir='ltr' id='par_1_10' title="bbox 825 2322 1489 2491">
     <span class='ocr_line' id='line_1_64' title="bbox 875 2322 1489 2360; baseline 0.003 -10"><span class='ocrx_word' id='word_1_393' title='bbox 875 2330 923 2360; x_wconf 77' lang='lat'>15.</span> <span class='ocrx_word' id='word_1_394' title='bbox 969 2323 1010 2351; x_wconf 79' lang='lat' dir='ltr'>ut</span> <span class='ocrx_word' id='word_1_395' title='bbox 1053 2322 1115 2357; x_wconf 78' lang='lat' dir='ltr'>qui</span> <span class='ocrx_word' id='word_1_396' title='bbox 1158 2322 1399 2360; x_wconf 81' lang='lat' dir='ltr'>rationem...]</span> <span class='ocrx_word' id='word_1_397' title='bbox 1439 2322 1489 2352; x_wconf 85' lang='lat' dir='ltr'>‘in</span> 
     </span>
     <span class='ocr_line' id='line_1_65' title="bbox 826 2364 1489 2396; baseline 0.002 -2"><span class='ocrx_word' id='word_1_398' title='bbox 826 2365 922 2394; x_wconf 88' lang='lat' dir='ltr'>order</span> <span class='ocrx_word' id='word_1_399' title='bbox 946 2364 1017 2395; x_wconf 89' lang='lat' dir='ltr'>that</span> <span class='ocrx_word' id='word_1_400' title='bbox 1045 2365 1138 2395; x_wconf 86' lang='lat' dir='ltr'>those</span> <span class='ocrx_word' id='word_1_401' title='bbox 1169 2364 1244 2395; x_wconf 84' lang='lat' dir='ltr'>who</span> <span class='ocrx_word' id='word_1_402' title='bbox 1276 2365 1359 2395; x_wconf 82' lang='lat' dir='ltr'>have</span> <span class='ocrx_word' id='word_1_403' title='bbox 1389 2365 1489 2396; x_wconf 86' lang='lat' dir='ltr'>aban-</span> 
     </span>
     <span class='ocr_line' id='line_1_66' title="bbox 825 2407 1488 2449; baseline 0.002 -11"><span class='ocrx_word' id='word_1_404' title='bbox 825 2407 936 2438; x_wconf 91' lang='lat' dir='ltr'>doned</span> <span class='ocrx_word' id='word_1_405' title='bbox 950 2417 1063 2438; x_wconf 88' lang='lat' dir='ltr'>reason</span> <span class='ocrx_word' id='word_1_406' title='bbox 1075 2418 1150 2448; x_wconf 86' lang='lat' dir='ltr'>may</span> <span class='ocrx_word' id='word_1_407' title='bbox 1162 2408 1202 2438; x_wconf 87' lang='lat' dir='ltr'>be</span> <span class='ocrx_word' id='word_1_408' title='bbox 1217 2408 1345 2446; x_wconf 90' lang='lat' dir='ltr'>moved,</span> <span class='ocrx_word' id='word_1_409' title='bbox 1364 2408 1488 2449; x_wconf 89' lang='lat' dir='ltr'>though</span> 
     </span>
     <span class='ocr_line' id='line_1_67' title="bbox 826 2451 1249 2491; baseline 0.005 -11"><span class='ocrx_word' id='word_1_410' title='bbox 826 2451 849 2481; x_wconf 88' lang='lat' dir='ltr'>it</span> <span class='ocrx_word' id='word_1_411' title='bbox 866 2461 951 2482; x_wconf 83' lang='lat' dir='ltr'>were</span> <span class='ocrx_word' id='word_1_412' title='bbox 968 2451 1045 2491; x_wconf 86' lang='lat' dir='ltr'>only</span> <span class='ocrx_word' id='word_1_413' title='bbox 1063 2452 1105 2491; x_wconf 83' lang='lat' dir='ltr'>by</span> <span class='ocrx_word' id='word_1_414' title='bbox 1121 2453 1249 2482; x_wconf 77' lang='lat' dir='ltr'>terror.&#39;</span> 
     </span>
    </p>

    <p class='ocr_par' dir='ltr' id='par_1_11' title="bbox 873 2494 1493 2535">
     <span class='ocr_line' id='line_1_68' title="bbox 873 2494 1493 2535; baseline 0.002 -11"><span class='ocrx_word' id='word_1_415' title='bbox 873 2495 921 2524; x_wconf 90' lang='lat'>18.</span> <span class='ocrx_word' id='word_1_416' title='bbox 961 2502 1004 2524; x_wconf 87' lang='lat' dir='ltr'>ex</span> <span class='ocrx_word' id='word_1_417' title='bbox 1019 2494 1178 2532; x_wconf 75' lang='lat' dir='ltr'>consino]</span> <span class='ocrx_word' id='word_1_418' title='bbox 1196 2494 1250 2525; x_wconf 88' lang='lat' dir='ltr'>‘of</span> <span class='ocrx_word' id='word_1_419' title='bbox 1261 2500 1309 2525; x_wconf 88' lang='lat' dir='ltr'>set</span> <span class='ocrx_word' id='word_1_420' title='bbox 1325 2494 1493 2535; x_wconf 74' lang='lat' dir='ltr'>purpose.&gt;</span> 
     </span>
    </p>
   </div>
   <div class='ocr_carea' id='block_1_7' title="bbox 1361 2618 1379 2642">
    <p class='ocr_par' dir='ltr' id='par_1_12' title="bbox 1361 2618 1379 2642">
     <span class='ocr_line' id='line_1_69' title="bbox 1361 2618 1379 2642; baseline 0 0"><span class='ocrx_word' id='word_1_421' title='bbox 1361 2618 1379 2642; x_wconf 90' lang='lat'>2</span> 
     </span>
    </p>
   </div>
  </div>
 </body>
</html>
