1727 2734
95 151 197 190 XIV]
506 152 578 182 DE
614 152 820 182 J'A’JNJTA
832 152 893 183 TE
924 153 1078 183 LllJEA’
1441 151 1496 192 47

94 251 215 290 catur,
239 257 329 282 curn
351 243 552 281 inuocatio
574 243 744 281 hominis
765 244 815 282 ad
836 245 1111 293 praestandam
1134 246 1299 282 salutern
1322 245 1500 285 inefficax

96 309 319 347 iudicetur?
375 309 406 347 si
437 310 558 347 horno
588 311 868 348 tantummodo
898 309 1089 356 Christus,
1112 324 1181 348 cur
1206 324 1296 360 spes
1323 311 1362 348 in
1389 311 1499 350 illum

97 374 266 424 ponitur,
298 387 389 412 curn
427 381 508 423 spes
546 375 586 411 in
624 375 774 412 homine
809 376 1005 412 maledicta
1040 377 1253 414 referatur?
1311 376 1341 414 si
1377 378 1499 416 homo

95 441 373 478 tantummodo
419 440 611 487 Christus,
651 454 720 478 cur
763 454 843 478 non
887 440 976 478 licet
1016 441 1217 479 Christum
1259 441 1342 480 sine
1381 442 1500 481 exitio

93 505 250 543 animae
266 505 408 555 negari,
427 519 517 543 curn
540 505 578 542 in
601 505 803 544 hominem
825 505 1082 543 commissum
1105 507 1294 544 delictum
1316 509 1501 545 referatur
1521 522 1540 559 5

96 583 211 619 posse
259 569 432 607 dimitti?
493 569 524 607 si
570 571 692 608 honio
737 571 1015 608 tantummodo
1062 571 1252 618 Christus,
1294 573 1500 621 quomodo

98 637 270 673 Ioannes
310 635 486 684 Baptista
525 644 688 673 testatur
726 643 764 674 et
798 635 916 674 dicit:
957 638 1029 684 qni
1054 642 1145 685 post
1176 651 1231 674 me
1265 639 1377 684 uenit,
1415 644 1504 676 ante

97 713 153 737 me
169 701 302 749 sactus
329 705 391 747 est,
420 701 511 748 quia
533 701 651 748 prior
678 714 734 737 me
750 701 855 749 fuit;
887 714 989 747 curn,
1013 700 1043 738 si
1072 702 1193 739 homo
1221 705 1500 741 tantummodo

98 765 290 809 Christus,
316 774 404 815 post
434 768 625 804 Ioannem
656 774 781 811 natus,
804 774 895 804 ante
924 768 1117 805 Ioannem
1145 780 1230 805 esse
1257 780 1337 805 non
1365 768 1500 817 possit,

98 831 171 868 nisi
202 831 391 880 quoniam
422 831 544 878 illum,
573 845 650 880 qua
679 832 777 869 deus
808 840 876 878 est,
904 840 995 870 ante
1025 832 1265 882 praecessit?
1321 834 1351 870 si
1380 834 1501 872 homo
1526 851 1571 875 10

97 898 377 935 tantummodo
399 896 590 944 Christus,
614 898 820 946 quomodo
847 910 944 945 qnae
955 903 1072 946 paler
1082 899 1197 946 facit,
1225 903 1261 935 el
1275 898 1391 946 filius
1401 899 1506 948 facit

97 963 282 1008 similiter,
320 975 411 999 cum
447 963 568 999 honio
608 961 843 999 caelestibus
881 962 1066 1011 operibus
1105 962 1169 1000 dei
1209 962 1350 1000 similia
1384 977 1503 1013 opera

98 1029 225 1066 facere
253 1041 332 1065 non
361 1027 513 1077 possit?
569 1027 600 1065 si
628 1028 749 1065 homo
775 1028 1054 1065 tantummodo
1081 1028 1273 1074 Christus,
1297 1030 1503 1077 quomodo

96 1094 193 1130 sicut
216 1098 334 1141 paler
365 1093 405 1128 in
440 1105 476 1129 se
510 1092 630 1128 uitam
660 1092 778 1136 habel,
809 1092 863 1127 ila
897 1093 1002 1128 dedit
1026 1092 1116 1139 filio
1146 1094 1268 1129 uitam
1299 1094 1432 1130 habere
1461 1095 1502 1130 in

97 1159 298 1206 semetipso,
331 1170 420 1194 cuni
453 1157 635 1205 exemplo
665 1156 784 1206 patris
814 1155 878 1194 dei
912 1157 1034 1194 homo
1066 1156 1106 1194 in
1137 1171 1178 1195 se
1206 1157 1327 1195 uitam
1359 1159 1504 1197 habere
1527 1172 1569 1208 15

99 1235 179 1260 non
201 1223 335 1271 possit,
358 1235 447 1259 cum
471 1235 550 1259 non
573 1221 611 1258 in
632 1222 861 1259 aeternitate
882 1221 930 1259 sit
949 1221 1153 1270 gloriosus,
1178 1224 1247 1260 sed
1275 1223 1314 1260 in
1343 1224 1504 1262 materia

99 1285 346 1324 mortalitatis
362 1287 553 1324 effectus?
596 1285 626 1322 si
648 1286 770 1323 horno
791 1287 1071 1324 tantummodo
1089 1286 1278 1333 Christus,
1298 1290 1504 1337 quomodo

99 1351 236 1388 refert:
267 1364 327 1399 ego
352 1364 436 1388 sum
454 1351 576 1399 panis
601 1352 702 1388 uitae
721 1355 904 1394 aeternae,
926 1351 1056 1398 quide
1073 1352 1169 1389 caelo
1192 1352 1381 1399 descendi3
1413 1366 1504 1390 cum

100 1430 230 1466 neque
251 1416 362 1466 panis
384 1416 487 1454 uitae
509 1417 630 1454 homo
652 1429 736 1454 esse
761 1415 884 1465 possit
912 1415 995 1465 ipse
1022 1417 1207 1462 mortalis,
1229 1431 1302 1455 nec
1324 1419 1373 1456 de
1395 1419 1505 1457 caelo

99 1482 361 1527 descenderit,
394 1483 500 1519 nulla
530 1481 569 1518 in
600 1482 709 1519 caelo
740 1481 953 1520 constituta
984 1482 1144 1521 materia
1174 1483 1418 1533 fragilitatis?
1474 1485 1505 1523 si
1527 1502 1575 1525 20

100 1547 223 1584 horno
244 1548 524 1584 tantummodo
546 1546 738 1593 Christus,
762 1548 968 1595 quomodo
989 1547 1094 1594 dicit,
1118 1550 1210 1596 quia
1222 1554 1375 1597 patrem
1397 1552 1505 1586 deum

101 1625 206 1649 nemo
226 1613 328 1649 uidit
345 1625 538 1660 umquam,
557 1613 637 1648 m‘si
651 1613 722 1659 qui
738 1617 791 1648 est
808 1625 832 1648 a
852 1614 925 1658 dec),
941 1613 1002 1649 llic
1015 1614 1115 1649 uidit
1132 1615 1241 1650 deum
1257 1615 1272 1651 ?
1302 1614 1503 1663 quoniam,

101 1678 132 1714 si
161 1678 282 1715 homo
309 1677 589 1714 tantummodo
618 1676 809 1723 Christus,
832 1678 951 1714 deum
980 1677 1115 1716 uidere
1142 1692 1223 1716 non
1253 1681 1393 1728 potuit,
1415 1680 1507 1729 quia

101 1743 230 1786 deum.
249 1755 366 1780 nemo
394 1743 600 1780 hominum
624 1741 740 1779 uidit:
772 1743 801 1779 si
827 1749 970 1788 autem,
994 1744 1090 1780 dum
1118 1757 1163 1781 ex
1190 1745 1267 1781 deo
1294 1752 1362 1791 est,
1386 1746 1506 1783 deun]

102 1807 213 1855 uidit,
236 1809 324 1857 plus
345 1820 386 1845 se
406 1820 525 1856 quarn
548 1806 764 1852 hominem,
787 1808 882 1845 dum
906 1809 1024 1845 deum
1048 1807 1157 1855 uidit,
1178 1808 1349 1859 intellegi
1367 1810 1504 1849 uoluit.
1530 1822 1574 1860 25

102 1873 133 1911 si
172 1875 294 1911 homo
333 1873 613 1910 tantummodo
653 1872 844 1919 Christus,
887 1886 955 1910 cur
989 1872 1102 1912 dicit:
1141 1875 1238 1923 quid
1266 1877 1304 1912 si
1334 1877 1508 1913 uideritis

90 1937 224 1985 filium
250 1938 416 1974 hominis
439 1938 688 1974 ascendentem
710 1938 800 1973 illuc
819 1937 885 1973 ubi
901 1943 989 1974 ante
1006 1940 1119 1974 erat?
1175 1939 1353 1978 ascendit
1373 1948 1506 1978 autem

103 2002 142 2040 in
163 2004 335 2040 caelum:
366 2001 419 2039 ibi
448 2014 539 2051 ergo
567 2001 650 2046 fuit,
672 2002 768 2039 dum
790 2001 881 2039 illue
903 2002 1002 2040 redit
1029 2002 1096 2040 ubi
1124 2003 1230 2053 prius
1258 2005 1338 2042 fuit.
1399 2007 1507 2055 quod

154 2143 178 2163 1.
214 2133 389 2162 inuocatio
410 2132 776 2170 hominis...inefficax]
883 2141 911 2171 7.
955 2132 1044 2172 John
1063 2133 1070 2163 i
1094 2144 1141 2173 15.

107 2176 177 2207 The
188 2175 324 2215 bearing
337 2175 373 2205 os
382 2175 445 2205 this
459 2186 500 2205 on
513 2175 566 2206 the
583 2175 775 2206 Invocation
886 2186 932 2207 11.
976 2176 1064 2216 John
1083 2187 1102 2206 v
1124 2187 1170 2218 19.

105 2219 142 2250 of
157 2219 267 2249 Saints
284 2219 310 2248 is
325 2218 543 2258 noteworthy.
885 2229 932 2258 14.
976 2219 1065 2259 John
1084 2231 1102 2249 v
1121 2220 1171 2251 26.

152 2273 181 2292 α.
232 2272 242 2292 1
265 2263 341 2292 Cor.
360 2273 411 2292 xv.
435 2271 483 2301 19,
507 2262 574 2302 Jer.
594 2262 657 2291 xvii
677 2272 706 2300 5.
885 2264 932 2292 18.
976 2263 1065 2303 John
1099 2264 1129 2293 vi
1160 2275 1194 2301 5¹
1227 2264 1353 2305 (Vulg.)
1391 2266 1507 2297 ‘Panis

151 2316 181 2345 5.
224 2313 302 2335 cum
317 2307 355 2335 in
371 2305 604 2343 hominem...]
631 2305 774 2345 ‘though
836 2305 930 2335 uiuus
953 2307 1008 2346 qui
1033 2307 1074 2336 de
1094 2307 1185 2337 caelo
1209 2308 1387 2339 descendi)
1434 2310 1508 2341 N.’s

108 2360 157 2379 we
179 2359 233 2379 are
255 2349 324 2379 told
347 2348 417 2378 that
439 2359 479 2378 an
503 2348 627 2378 offence
649 2349 775 2388 against
835 2349 1020 2379 occasional
1042 2350 1234 2382 differences
1257 2352 1338 2382 from
1356 2352 1410 2382 the
1428 2353 1506 2384 Vul-

108 2403 126 2422 a
154 2402 230 2422 man
258 2402 317 2422 ean
346 2392 386 2422 be
411 2391 592 2432 forgiven⁷z
622 2391 778 2432 referring
837 2398 912 2432 gate
944 2398 1010 2423 text
1043 2393 1074 2423 in
1108 2394 1202 2424 NT.
1232 2395 1421 2435 quotations
1453 2407 1506 2428 are

109 2435 250 2476 perhaps
275 2441 308 2465 to
336 2446 346 2466 1
370 2437 459 2465 Sani.
484 2435 504 2464 ii
524 2445 561 2473 2⁷5
589 2435 700 2475 (vulg.
731 2435 777 2465 ‘si
838 2436 1039 2476 interesting.

110 2479 293 2519 peccauerit
318 2478 366 2508 uir
389 2478 422 2508 in
450 2479 568 2513 uirum,
599 2478 720 2518 placari
748 2479 776 2509 ei
883 2489 932 2509 21.
979 2479 1068 2520 John
1086 2480 1116 2510 vi
1135 2479 1186 2519 46.

110 2528 217 2563 potest
244 2521 364 2561 Deus')
390 2522 453 2552 and
481 2522 577 2552 Matt.
604 2521 681 2552 xviii
708 2532 758 2561 35.
883 2522 932 2553 26.
981 2523 1069 2563 John
1088 2523 1117 2553 vi
1135 2523 1187 2555 62.
