1727 2734
212 103 265 142 88
769 112 837 144 No
846 113 902 143 VA
913 111 1061 142 TJANJ
1480 111 1613 150 [XXIV

293 209 371 246 Sed
392 207 499 246 enirn
522 206 712 256 scriptura
739 205 875 243 diuina
900 203 1188 242 haereticorum
1209 211 1247 241 et
1267 204 1423 241 fraudes
1450 211 1488 242 et
1514 204 1615 242 furta

210 273 324 312 facile
357 271 559 311 conuincit
597 279 635 309 et
670 269 828 320 detegit.
887 269 919 307 si
950 270 1056 307 enim
1089 268 1145 306 sic
1179 275 1281 306 esset
1311 269 1614 306 tantummodo:

209 340 372 387 spiritus
389 337 514 374 ueniet
532 337 571 373 in
595 342 636 383 te,
655 341 690 372 et
707 337 836 372 uirtus
851 335 1036 371 altissimi
1048 335 1289 371 obumbrabit
1302 334 1392 380 tibi;
1415 339 1615 382 propterea

210 403 314 451 quod
339 406 516 438 nascetur
541 413 589 438 ex
613 406 645 437 te
672 404 855 444 sanctum,
887 399 1086 436 uocabitur
1100 398 1218 446 filius
1246 399 1313 445 dei,
1345 399 1509 436 fortasse
1537 397 1615 436 alio

168 484 188 521 5
210 475 313 506 esset
346 466 462 505 nobis
488 479 631 515 genere
662 466 852 503 aduersus
884 463 971 501 illos
1003 464 1292 509 reluctandum,
1322 470 1360 501 et
1393 463 1469 501 alia
1501 463 1616 501 nobis

211 539 343 570 essent
363 538 595 580 argumenta
615 529 841 579 quaerenda
865 536 904 566 et
930 541 1038 565 arma
1065 529 1270 574 sumenda,
1293 528 1438 577 quibus
1458 527 1615 566 illorum

210 604 249 635 et
270 595 432 634 insidias
459 603 497 633 et
524 594 751 645 praestigias
782 594 1041 631 uinceremus.
1101 605 1193 630 cum
1222 600 1356 630 autem
1386 592 1472 642 ipsa
1500 592 1618 642 scrip—

209 669 297 699 tura
324 659 482 698 caelesti
507 660 717 697 abundans
744 657 992 708 plenitudine
1020 670 1105 695 sese
1135 656 1422 695 haereticorum
1452 658 1616 695 istorum

209 726 418 765 calumniis
435 733 561 771 exuat,
580 723 693 762 facile
709 724 795 774 ipso
813 724 922 773 quod
938 724 1126 772 scriptum
1148 730 1206 760 est
1227 722 1397 770 nitimur,
1415 730 1454 760 et
1470 735 1617 761 errores

144 808 190 831 10
209 791 305 829 istos
326 791 410 829 sine
431 791 509 828 ulla
534 789 783 827 dubitatione
810 801 1051 838 superamus.
1113 801 1193 825 non
1215 787 1321 825 enim
1342 787 1450 833 dixit,
1473 796 1515 826 ut
1538 788 1617 826 iam

209 855 482 905 expressimus,
497 860 701 904 propterea
728 855 830 902 quod
850 866 896 889 ex
923 858 957 889 te
981 857 1155 890 nascetur
1178 858 1361 899 sanctum,
1385 854 1455 891 sed
1475 853 1620 892 adiecit

209 920 535 958 coniunctionem
553 935 559 958 :
591 919 644 957 ait
665 917 782 964 enim,
796 923 1000 967 propterea
1020 923 1058 954 et
1073 919 1176 966 quod
1191 931 1238 954 ex
1265 922 1297 954 te
1323 923 1501 955 nascetur
1517 930 1620 956 sanc-

211 992 291 1023 tum
306 1001 319 1031 ‚·
350 994 393 1023 ut
419 985 516 1023 illud
541 984 778 1029 ostenderet,
803 995 883 1020 non
911 981 1177 1032 principaliter
1198 983 1274 1020 hoc
1295 990 1488 1026 sanctum,
1510 983 1620 1032 quod

211 1064 257 1089 ex
288 1050 353 1088 illa
386 1049 567 1093 nascitur,
597 1050 638 1087 id
670 1055 728 1086 est
760 1049 873 1086 istam
905 1048 1032 1085 carnis
1060 1046 1315 1097 corporisque
1345 1047 1618 1095 substantiam,

144 1129 186 1167 15
210 1116 335 1154 filium
370 1115 434 1154 dei
469 1128 565 1160 esse,
597 1114 668 1152 sed
701 1121 991 1162 consequenter
1022 1120 1060 1150 et
1094 1112 1133 1150 in
1166 1113 1343 1150 secundo
1378 1114 1488 1150 loco:
1519 1112 1621 1162 prin-

211 1180 388 1230 cipaliter
426 1188 559 1217 autem
594 1178 717 1216 filium
749 1177 813 1216 dei
844 1190 929 1215 esse
962 1178 1128 1216 uerbum
1168 1177 1232 1216 dei
1266 1177 1513 1214 incarnatum
1551 1191 1621 1227 per

210 1244 321 1283 illurn
357 1244 547 1294 spiritum,
582 1244 631 1281 de
663 1255 743 1292 quo
777 1243 940 1291 angelus
977 1243 1113 1280 refert:
1153 1242 1316 1291 spiritus
1349 1243 1473 1278 ueniet
1501 1244 1541 1279 in
1575 1247 1617 1289 te,

211 1315 245 1348 et
273 1312 400 1348 uirtus
430 1310 614 1346 altissimi
640 1309 877 1345 obumbrabit
905 1308 982 1344 tibi.

297 1372 376 1410 Hic
390 1380 448 1410 est
465 1371 570 1409 enim
588 1369 784 1420 legitimus
801 1369 865 1407 dei
883 1369 994 1415 filius,
1014 1369 1081 1418 qui
1096 1381 1142 1407 ex
1158 1368 1244 1418 ipso
1261 1369 1337 1406 deo
1353 1376 1420 1414 est,
1441 1370 1508 1418 qui
1524 1370 1620 1407 dum

282 1476 317 1506 13
344 1465 440 1495 uerba
465 1475 530 1495 non
549 1463 776 1504 principaliter
796 1474 895 1504 usque
909 1463 954 1493 ad
968 1463 1194 1504 principaliter
1209 1467 1319 1493 autem
1336 1472 1375 1492 ex
1392 1473 1411 1491 α
1427 1462 1531 1503 suppl.
1555 1463 1620 1493 Pa:

214 1521 380 1552 nimirum
399 1531 419 1550 a
430 1521 543 1560 priore
559 1520 604 1549 εἰτ’.
626 1519 757 1549 exclusa
774 1523 813 1548 nl
828 1519 987 1549 haeresim
1005 1518 1170 1548 sonantia.

212 1575 356 1606 hominis
375 1575 478 1605 filium
497 1583 596 1614 usque
613 1573 658 1603 ad
672 1572 724 1603 dei
742 1578 772 1603 et
791 1572 934 1603 hominis
952 1572 1065 1602 filium.

1221 1518 1276 1548 Sic
1291 1527 1412 1558 qaoque
1430 1528 1459 1557 p.
1481 1528 1532 1559 90.
1552 1519 1570 1549 8
1587 1523 1622 1548 ut

258 1672 288 1698 4.
344 1656 601 1694 alio...genere]
652 1656 703 1685 ‘iu
743 1655 882 1686 another

213 1708 280 1733 sort
295 1701 301 1714 ³
335 1712 371 1732 or
406 1703 413 1715 ‘
427 1700 521 1739 way.‘
571 1700 635 1729 For
667 1699 730 1728 this
762 1709 817 1729 use
849 1698 887 1728 of

217 1747 224 1760 ⁶
236 1744 360 1785 geuus'
379 1755 432 1774 see
453 1744 570 1784 Mayor
588 1743 739 1782 Journal
752 1741 791 1781 bf
800 1742 879 1772 Phi-

215 1789 316 1828 [οἶος]
344 1788 420 1818 xxix
454 1797 509 1825 147
528 1798 534 1823 ;
571 1786 691 1817 Souter
717 1786 824 1824 Stua'y
851 1785 891 1824 of

214 1831 459 1862 Amlwosz'astcr
479 1840 535 1868 107
550 1829 570 1858 f.

262 1886 290 1915 7.
323 1873 551 1911 praestigias]
566 1872 719 1912 properly
732 1876 737 1887 ⁴
748 1871 882 1912 sleight-

213 1917 374 1951 of-haud,'
395 1918 446 1947 i.e.
467 1914 699 1956 ‘sophistries.’

264 1972 312 1992 11.
348 1960 395 1991 Of
405 1970 517 1990 course
532 1959 595 1989 this
609 1964 791 1998 argument,
805 1964 881 1988 rest—

214 2006 271 2045 ing
287 2015 329 2035 on
348 2004 402 2034 the
425 2013 580 2044 presence
601 2001 638 2032 of
658 2002 713 2032 the
731 2002 881 2042 conjunc-

214 2048 283 2079 tion
301 2053 338 2082 et,
356 2048 383 2077 is
396 2052 453 2077 not
467 2057 485 2076 a
498 2045 564 2077 safe
577 2056 658 2081 one;
682 2045 730 2075 for
748 2056 796 2075 we
816 2044 881 2075 find

215 2092 271 2122 the
282 2091 507 2122 combination
518 2090 564 2119 διὸ
573 2090 624 2118 καί
639 2089 671 2118 in
680 2089 883 2118 numberless

215 2145 305 2166 cases
313 2134 420 2164 where
433 2134 487 2163 the
497 2134 546 2162 καί
558 2138 677 2163 cannot
688 2132 882 2172 bepressed,

215 2189 278 2218 eg.
293 2179 375 2208 Acts
390 2189 408 2207 x
426 2187 474 2216 29.
525 2176 568 2206 N.
584 2176 663 2205 does
676 2181 733 2205 not
747 2185 834 2205 seem
849 2181 882 2205 to

216 2222 298 2251 have
316 2219 563 2260 contemplated
578 2219 632 2249 the
647 2218 833 2259 possibility
851 2217 887 2248 of

217 2265 359 2304 treating
374 2268 524 2294 sanctum
542 2272 577 2292 as
595 2262 771 2302 predicate.

265 2319 274 2339 1
285 2318 312 2346 3.
341 2307 597 2344 principaliter.
607 2332 611 2336 .
621 2307 884 2341 ,consequenter

216 2354 252 2382 et
274 2353 311 2381 in
335 2352 486 2381 secundo
509 2350 598 2387 loco]
622 2348 825 2389 ‘primariiy'
851 2358 887 2378 or

221 2394 466 2433 ‘immediately
480 2392 486 2403 ‘
548 2391 785 2432 ‘inferentially
821 2391 885 2421 and

217 2437 249 2467 in
273 2437 328 2467 the
351 2434 667 2476 secon‹la1·yplace.’
715 2434 760 2465 So
779 2434 887 2465 below

210 2481 448 2522 principalitas
464 2479 508 2519 (p.
522 2479 592 2519 891.
610 2479 654 2517 4),
670 2478 871 2518 ‘originality
882 2477 888 2489 '

951 1666 988 1685 or
1014 1660 1020 1671 ⁴
1035 1656 1177 1696 primary
1201 1654 1352 1696 ground.'

995 1699 1035 1728 ib.
1082 1701 1146 1729 hoc
1178 1702 1339 1728 sanctum
1356 1699 1418 1739 sq.]
1477 1698 1619 1739 Though

953 1742 995 1772 N.
1017 1752 1155 1782 appears
1180 1742 1212 1771 in
1238 1742 1328 1772 these
1350 1742 1459 1772 words
1481 1748 1514 1772 to
1534 1742 1618 1774 limit

954 1785 1009 1816 the
1028 1785 1153 1825 ‘thing‘
1172 1784 1277 1815 which
1294 1795 1360 1815 was
1376 1785 1456 1815 born
1473 1784 1511 1815 of
1525 1786 1620 1826 Mary

953 1835 986 1858 to
1004 1828 1058 1858 the
1077 1828 1190 1868 bodily
1208 1828 1384 1868 organism,
1400 1828 1431 1858 in
1452 1840 1482 1869 p.
1503 1829 1542 1869 89
1561 1829 1582 1859 1.
1605 1840 1616 1860 1

952 1872 993 1902 he
1010 1882 1115 1902 seems
1132 1878 1165 1901 to
1182 1872 1338 1902 attribute
1356 1878 1389 1902 to
1407 1871 1429 1902 it
1454 1883 1473 1902 a
1498 1872 1619 1903 human

954 1915 1165 1956 personality.

1002 1968 1048 1998 19.
1100 1962 1106 1973 ⁴
1123 1959 1186 1988 For
1204 1958 1267 1988 this
1284 1959 1310 1988 is
1327 1958 1381 1988 the
1404 1958 1472 1989 Son
1490 1958 1527 1988 of
1545 1959 1619 1989 God

955 2002 986 2031 in
1005 2002 1060 2032 the
1078 2012 1197 2042 proper
1218 2012 1311 2032 sense
1335 2002 1528 2040 (legitimus)
1546 2002 1621 2033 who

954 2045 979 2075 is
1023 2044 1104 2075 from
1149 2045 1224 2075 God
1271 2045 1436 2083 Himself3
1483 2045 1546 2075 and
1587 2045 1620 2076 in

953 2089 1122 2127 assuming
1155 2089 1224 2118 that
1259 2088 1369 2128 “holy
1401 2087 1524 2128 thing’'
1555 2089 1621 2119 and

953 2131 1122 2171 attaching
1153 2138 1186 2161 to
1228 2131 1376 2161 Himself
1404 2131 1458 2161 the
1490 2131 1559 2163 Son
1588 2131 1625 2163 of

956 2175 1036 2205 Man
1069 2175 1132 2204 and
1172 2174 1320 2214 drawing
1350 2175 1431 2204 Him
1471 2185 1549 2205 over
1587 2181 1621 2206 to

958 2218 1111 2255 Himself,
1135 2218 1188 2248 He
1212 2218 1291 2248 does
1314 2218 1356 2258 by
1378 2217 1535 2258 blending
1556 2219 1622 2249 and

955 2262 1151 2292 associatiou
1192 2262 1270 2291 with
1320 2261 1466 2291 Himsels
1507 2261 1621 2302 certify

958 2305 1064 2335 Hi1n.'
1105 2305 1266 2339 Praestat,
1288 2304 1442 2344 properly
1465 2308 1621 2344 ‘guaran-

956 2347 1051 2385 tees,'
1068 2349 1162 2387 κυροῖ.
1211 2347 1271 2388 Cp.
1293 2347 1330 2377 dc
1350 2348 1443 2377 Tria.
1466 2358 1506 2377 xv
1531 2349 1620 2379 ‘uer—

956 2392 1034 2421 bum
1047 2391 1168 2422 Christi
1183 2396 1324 2431 praestat
1339 2390 1621 2422 immortalitatem

957 2441 987 2465 et
1006 2445 1063 2475 per
1081 2434 1360 2464 immortalitatem
1380 2439 1519 2474 praestat
1538 2434 1621 2465 diui-

957 2478 1128 2508 nitatem':
1160 2478 1196 2507 dc
1229 2477 1296 2507 Cib.
1330 2477 1402 2507 lmz‘.
1439 2477 1458 2507 ii
1489 2478 1620 2519 ‘eulpae
