1727 2734
237 121 315 160 114
785 121 921 152 NOVA
932 121 1078 152 TlANl
1516 125 1632 163 [XXX

230 229 358 254 rarum
386 214 615 253 caelestium
644 215 792 252 nullam
820 221 971 263 partem
1000 214 1207 263 praeterire
1233 215 1450 254 debemus:
1485 216 1634 267 quippe

229 294 320 319 cum
343 280 461 319 etiam
489 279 553 317 illa
574 292 676 328 quae
697 278 736 315 in
758 278 958 328 scripturis
979 286 1070 316 sunt
1090 279 1219 328 posita
1246 279 1391 319 Christi
1417 281 1632 320 diuinitatis

229 345 396 395 insignia
426 345 535 382 nullo
566 345 688 382 modo
717 345 911 382 debemus
938 357 1128 391 recusare,
1159 358 1209 383 ne
1237 346 1516 394 scripturarum
1544 360 1633 386 auc-

229 411 427 449 toritatem
461 409 754 458 corrumpendo
793 408 1057 458 integritatem
1092 409 1184 447 fidei
1219 418 1377 449 sanctae
1411 411 1632 461 corrupisse

187 487 205 523 5
229 484 442 514 teneamur.
503 480 541 512 et
568 474 646 511 hoc
673 486 765 523 ergo
789 474 1007 520 credamus,
1031 473 1228 523 siquidem
1258 474 1543 523 fidelissimum,
1567 477 1632 514 dei

229 542 352 578 filium
393 541 527 577 Iesum
567 537 769 576 Christum
805 537 1012 576 dominum
1052 546 1090 576 et
1129 540 1250 576 deum
1292 547 1493 578 nostrum:
1537 553 1633 590 quo-

229 605 333 643 niam
364 606 405 641 2'72
426 604 621 653 principio
646 608 729 640 erat
756 604 924 648 uerbum,
951 608 987 640 et
1014 605 1169 640 uerbum
1201 610 1288 640 erat
1314 606 1422 653 apud
1447 606 1567 652 deum,
1598 611 1636 643 et

228 672 318 708 deus
359 675 442 707 erat
480 671 645 706 uerbum.
714 670 780 706 lzoc
821 673 907 705 erat
950 669 992 705 in
1030 670 1225 717 principio
1268 671 1376 718 apud
1409 671 1529 706 deum.
1597 676 1635 708 et

229 737 384 773 uerbum
422 747 509 772 caro
530 734 683 782 factum
718 739 780 779 est,
811 738 848 770 et
877 734 1074 770 habitauit
1104 734 1146 770 in
1181 734 1296 771 nobis.
1356 742 1417 772 et:
1457 735 1632 773 dominus

162 811 207 833 10
228 813 329 838 meus
356 805 392 837 et
417 801 505 837 deus
535 812 647 837 meus.
706 807 766 837 et:
797 812 958 848 quorum
980 805 1126 848 patres,
1152 805 1188 836 et
1211 813 1258 836 ex
1286 801 1422 848 quibus
1451 801 1632 839 Christus

225 866 426 904 secundum
473 878 632 910 carnem,
674 865 743 912 qui
783 870 836 902 est
880 871 993 913 super
1039 865 1168 902 omnia
1213 867 1303 902 deus
1345 866 1551 904 benedictus
1589 867 1631 904 in

227 931 384 968 saecula.

310 994 420 1043 Quid
455 1007 547 1044 ergo
582 993 790 1032 dicemus?
834 994 1030 1044 numquid
1062 996 1163 1032 duos
1192 996 1289 1033 deos
1325 995 1515 1045 scriptura
1544 1009 1634 1046 pro-

228 1060 370 1111 ponit?
409 1060 616 1109 quomodo
650 1073 743 1109 ergo
775 1059 882 1106 dicit,
919 1059 1011 1109 quia
1040 1062 1130 1097 deus
1159 1073 1260 1097 unus
1289 1063 1374 1097 est?
1412 1068 1480 1098 aut
1519 1074 1632 1098 num-

161 1138 203 1173 15
227 1126 323 1176 quid
348 1139 428 1163 non
459 1132 497 1163 et
525 1124 705 1163 Christus
727 1126 824 1163 deus
847 1126 936 1162 est?
974 1126 1180 1174 quomodo
1207 1138 1309 1175 ergo,
1333 1127 1510 1164 dominus
1529 1139 1632 1164 meus

225 1196 261 1227 et
295 1192 384 1228 deus
423 1203 533 1236 mens,
576 1189 736 1229 Christo
776 1189 926 1227 dictum
966 1192 1057 1228 est?
1114 1198 1242 1228 totum
1281 1191 1397 1241 igitur
1439 1193 1516 1230 hoc
1556 1191 1630 1229 nisi

226 1268 317 1293 cum
347 1254 504 1304 propria
537 1254 794 1292 ueneratione
826 1262 863 1292 et
898 1254 1071 1305 legitima
1106 1255 1374 1305 disputatione
1409 1264 1627 1303 teneamus,

227 1320 366 1359 merito
393 1321 625 1358 scandalum
651 1319 856 1357 haereticis
881 1320 1109 1370 praebuisse
1134 1322 1352 1368 credemur,
1385 1334 1465 1359 non
1494 1321 1630 1371 utique

225 1400 272 1424 ex
298 1385 576 1436 scripturarum
607 1385 835 1423 caelestium
864 1386 971 1432 uitio,
1002 1400 1104 1436 quae
1131 1401 1351 1437 numquam
1379 1389 1530 1434 fallunt,
1560 1390 1631 1427 sed

157 1461 204 1484 20
225 1447 388 1486 humani
420 1448 558 1486 erroris
590 1447 922 1498 praesumptione,
956 1461 1034 1498 qua
1066 1449 1251 1488 haeretici
1286 1463 1372 1488 esse
1406 1451 1627 1488 uoluerunt.

225 1521 263 1551 et
295 1514 334 1550 in
368 1513 502 1563 primis
534 1513 631 1552 illud
661 1514 972 1563 retorquendum
1007 1514 1044 1551 in
1079 1514 1174 1552 istos
1209 1514 1275 1564 qui
1311 1516 1478 1553 duorum
1515 1515 1631 1554 nobis

225 1579 390 1616 deorum
412 1578 721 1616 controuersiam
744 1579 870 1616 facere
891 1586 1158 1627 praesumunt.
1219 1578 1406 1629 scriptum
1429 1587 1500 1627 est,
1522 1581 1632 1629 quod

225 1657 366 1693 negare
398 1657 478 1682 non
512 1651 688 1693 possunt,
719 1643 908 1693 quoniam
939 1657 1039 1681 mms
1069 1650 1120 1681 est
1146 1645 1332 1682 dominus.
1392 1645 1442 1683 de
1472 1645 1632 1684 Christo

225 1721 317 1757 ergo
352 1709 448 1757 quid
483 1707 689 1745 sentiunt?
747 1708 957 1745 dominum
989 1722 1086 1755 esse,
1118 1716 1184 1746 aut
1214 1708 1324 1746 illum
1355 1709 1520 1746 omnino
1550 1722 1630 1747 non

157 1783 202 1820 25
225 1774 342 1811 esse?
412 1773 482 1810 sed
513 1772 721 1810 dominum
761 1772 870 1810 illum
907 1773 1072 1811 omnino
1103 1787 1183 1812 non
1219 1774 1429 1812 dubitant:
1474 1788 1565 1824 ergo
1601 1774 1631 1812 si

292 1877 307 1906 5
333 1867 359 1898 si
376 1867 509 1908 quidem
531 1866 643 1898 fideles
660 1877 770 1897 sumus
786 1867 929 1897 VVower.
947 1867 1067 1898 emend.
1276 1877 1291 1906 7
1318 1868 1405 1908 apud
1423 1868 1536 1906 deum]
1552 1868 1632 1898 deus

225 1922 314 1960 edd.‚
335 1933 414 1952 corr.
435 1923 484 1963 Ja.
648 1931 683 1961 17
709 1921 928 1962 dispositione
942 1922 993 1962 Ja.
1015 1922 1104 1965 coni..
1252 1931 1290 1952 20
1315 1932 1378 1962 qua
1396 1933 1436 1952 a:
1462 1922 1539 1962 quia
1555 1922 1631 1953 edd.

225 1981 360 2007 veteres.

223 2064 326 2105 ought
358 2075 406 2095 we
443 2070 476 2095 to
515 2069 628 2105 accept
664 2063 894 2104 unreservedly
1012 2074 1058 2095 10.
1107 2063 1159 2094 On
1172 2063 1226 2094 the
1238 2074 1375 2104 passage
1390 2064 1485 2094 Rom.
1503 2064 1627 2104 ix5cp.

224 2119 322 2148 every
364 2113 436 2149 part
478 2108 515 2138 os
554 2108 733 2148 Scriptum.
802 2107 894 2137 Thus
965 2117 995 2136 n.
1015 2118 1057 2137 on
1075 2107 1127 2138 ch.
1147 2107 1213 2144 xiii,
1235 2117 1265 2147 p.
1288 2120 1340 2146 44.
1364 2116 1410 2145 ¹3-

226 2150 450 2182 XVelchman’s
500 2151 710 2182 emendation
760 2150 786 2181 is
836 2161 892 2180 un-
1012 2161 1058 2189 17.
1125 2151 1380 2188 disputatione]
1428 2153 1434 2165 ⁴
1453 2150 1630 2181 dialectic.‘

224 2205 405 2234 necessary.
960 2193 1106 2233 Jackson
1123 2194 1258 2224 emends
1276 2198 1309 2223 to
1326 2194 1532 2233 dispositione
1547 2193 1630 2224 from

269 2247 298 2276 5.
345 2240 517 2273 siquidem
551 2239 792 2268 fidelissimum
827 2237 890 2277 sq.]
961 2237 1013 2267 ch.
1033 2248 1073 2267 xv
1089 2236 1219 2275 subfin.

227 2282 332 2311 ‘since
357 2281 379 2311 it
408 2281 433 2311 is
461 2291 480 2311 a
508 2287 591 2311 most
619 2280 746 2311 faithful
775 2280 891 2320 saying
1005 2291 1054 2311 20.
1102 2288 1172 2315 qua.
1196 2281 1366 2310 haeretici
1389 2279 1455 2320 sq.]
1517 2280 1629 2309 Pame-

225 2324 293 2354 that
311 2325 406 2364 Jesus
424 2324 605 2355 Christ...is
628 2334 687 2354 our
714 2324 801 2354 Lord
824 2324 888 2354 and
960 2323 1020 2353 lius
1052 2323 1161 2353 marks
1193 2323 1247 2353 the
1279 2324 1355 2363 piay
1386 2333 1427 2353 ou
1459 2322 1514 2353 the
1545 2328 1630 2353 root-

224 2367 325 2404 God,'
352 2378 403 2407 cp.
433 2367 553 2398 ‘fidelis
576 2367 705 2402 sermo‚’
736 2377 746 2397 1
775 2366 888 2397 Tim.i
961 2367 1115 2406 meaning
1152 2365 1189 2397 of
1222 2366 1371 2403 haeresis,
1408 2365 1560 2400 ‘choice.’
1594 2376 1629 2396 as

230 2421 274 2450 ¹5·
958 2411 1176 2449 praesumptio
1201 2419 1312 2439 means
1340 2408 1519 2439 ‘sels-will.'
1566 2408 1629 2450 Cp.

270 2463 296 2493 7.
344 2453 590 2494 J0.i1.2,14.
960 2458 1036 2483 note
1061 2463 1102 2483 on
1128 2463 1160 2492 p.
1192 2462 1243 2483 101
1273 2452 1294 2482 1.
1320 2454 1348 2483 8.

268 2507 297 2538 9.
342 2497 395 2537 Jo.
415 2508 456 2527 xx
475 2498 533 2528 28:
558 2507 611 2527 see
628 2507 658 2537 p.
681 2509 730 2536 44.
754 2506 799 2537 19.
1006 2506 1053 2536 ²3·
1106 2496 1203 2526 Deut.
1226 2497 1256 2526 vi
1274 2509 1302 2535 4.
