1727 2734
507 144 579 174 DE
617 144 821 175 's'lelNJTA
834 144 894 174 TE
925 141 1079 175 ‘LIBER

93 144 230 183 XXIX]
1418 142 1495 182 107

92 238 166 277 illis
193 238 350 286 inesset,
374 238 448 284 hic,
471 247 513 276 ut
541 238 580 276 in
608 239 683 277 illis
704 252 859 288 semper
880 245 1080 276 maneret:
1112 245 1149 275 et
1171 236 1224 275 ibi
1247 237 1498 276 mediocriter

90 304 333 351 distributus,
360 303 423 341 hic
448 312 553 342 totus
579 305 750 351 effusu53
783 303 837 341 ibi
866 316 982 353 parce
1010 303 1136 349 datus,
1168 302 1231 339 hic
1259 304 1363 352 large
1392 316 1498 340 com-

90 370 299 415 modatus;
339 381 411 406 nec
447 376 578 406 tamen
610 378 702 407 ante
741 369 1066 407 resurrectionem
1101 367 1253 406 domini
1287 367 1495 414 exhibitus,

91 434 162 472 sed
205 447 274 483 per
316 433 640 471 resurrectionem
686 433 833 472 Christi
882 432 1141 471 contributus.
1216 434 1352 481 rogabo
1390 433 1497 471 enim

89 498 231 544 aiebat,
247 503 409 547 patrem,
432 504 468 535 et
492 500 614 536 alium
641 501 866 537 aduocatum
890 499 1000 535 dabit
1024 499 1136 544 nobis,
1167 503 1209 534 ut
1235 499 1422 535 uobiscum
1449 500 1500 536 sit
1519 510 1538 545 5

91 565 132 601 in
171 569 376 605 aeternum,
415 564 595 611 sp2)·z'lu7n
630 565 814 601 ueritatis.
889 571 950 601 et:
995 575 1077 599 cnm
1113 564 1262 600 uenerit
1291 565 1498 601 adzcocalus

90 629 161 674 ille,
183 641 290 676 quem
312 640 372 676 ego
392 629 580 666 missurus
598 642 681 666 sum
703 630 806 666 uobis
826 642 849 665 a
861 633 978 676 patre
999 641 1085 673 meo,
1108 629 1287 676 spiritum
1309 631 1494 676 ueritatis,

89 694 161 742 qui
183 693 226 730 de
240 698 359 742 patre
382 706 460 730 meo
476 694 657 742 procedit.
714 701 752 732 et
771 707 778 730 z
809 694 844 730 si
866 706 940 730 non
968 694 1093 730 abiero
1117 706 1189 741 ego,
1212 695 1418 731 aduocalus
1437 695 1501 731 ille

90 771 164 796 non
187 760 308 795 ueniet
327 760 383 795 ad
399 772 464 795 uos
479 773 489 795 .·
518 759 555 796 si
575 764 701 796 autem
727 771 790 805 ego
816 758 953 801 abiero,
975 759 1168 795 remittam
1199 759 1308 796 illum
1338 760 1394 796 ad
1418 772 1494 796 uos.

91 830 152 862 et:
192 836 274 860 cum
314 825 460 860 uenerit
496 825 656 872 spiritus
694 825 879 867 ueritates,
912 823 975 859 ille
1010 835 1076 860 nos
1109 824 1250 871 (linget
1278 825 1317 860 in
1352 837 1496 862 omnem
1523 833 1570 856 10

89 890 300 926 ueritatem.
373 896 411 926 et
451 888 638 938 quoniam
686 888 873 927 dominus
913 888 953 925 in
993 889 1123 926 caelos
1164 896 1267 926 esset
1305 889 1494 936 abiturus,

90 953 321 1003 paraclitum
349 953 552 1003 discipulis
580 953 802 992 necessario
833 953 963 999 dabat,
998 966 1047 991 ne
1077 953 1163 991 illos
1194 955 1497 1002 quodammodo

90 1018 273 1068 pupillos,
296 1020 405 1068 quod
427 1018 589 1056 minime
611 1019 789 1065 decebat,
813 1019 1061 1068 relinqueret,
1085 1027 1123 1057 et
1145 1019 1229 1057 sine
1246 1020 1443 1058 aduocato
1460 1027 1498 1057 et

91 1084 267 1133 quodam
288 1091 416 1122 tutore
437 1085 644 1122 desereret.

173 1148 254 1186 Hic
275 1156 334 1186 est
359 1148 465 1187 enim
492 1148 559 1198 qui
586 1149 761 1198 ipsorum
789 1149 944 1187 animos
970 1156 1203 1198 mentesque
1228 1149 1407 1196 firmauit,
1431 1149 1498 1199 qui
1525 1160 1568 1198 15

91 1213 318 1263 euangelica
342 1222 588 1252 sacramenta
612 1213 799 1261 distinxit,
829 1214 896 1263 qui
917 1214 956 1251 in
987 1213 1080 1263 ipsis
1105 1213 1346 1253 illuminator
1370 1229 1498 1254 rerum

89 1278 313 1317 diuinarum
336 1279 418 1325 fuit,
437 1293 517 1329 quo
539 1279 759 1317 confirmati
781 1292 852 1329 pro
873 1279 1035 1317 nomine
1057 1279 1209 1317 domini
1231 1293 1304 1318 nec
1325 1293 1498 1319 carceres

91 1358 164 1383 nec
187 1345 346 1383 uincula
373 1345 610 1391 timuerunt3
643 1345 736 1394 quin
764 1345 888 1383 immo
916 1346 1020 1395 ipsas
1045 1345 1190 1383 saeculi
1218 1353 1433 1395 potestates
1461 1355 1498 1384 et

90 1419 287 1449 tormenta
325 1413 588 1454 calcauerunt,
627 1410 764 1448 armati
799 1410 876 1448 iam
917 1410 1065 1448 scilicet
1104 1423 1173 1459 per
1210 1410 1339 1460 ipsum
1379 1419 1498 1460 atque

55 1476 64 1484 “
90 1475 244 1521 firmati,
276 1476 468 1514 habentes
499 1475 537 1512 in
560 1489 600 1513 se
622 1477 739 1519 dona,
769 1488 869 1524 quae
891 1475 955 1512 hic
986 1474 1093 1513 idem
1125 1474 1281 1524 spiritus
1309 1475 1498 1514 ecclesiae
1522 1485 1570 1508 20

91 1540 238 1580 Christi
259 1554 428 1591 sponsae
450 1540 562 1590 quasi
591 1541 786 1589 quaedam
815 1548 1048 1578 ornamenta
1072 1540 1269 1578 distribuit
1291 1548 1328 1578 et
1355 1540 1495 1590 dirigit.

90 1605 154 1644 hic
192 1614 251 1644 est
286 1606 390 1644 enim
424 1606 491 1655 qui
524 1607 737 1655 prophetas
769 1605 808 1643 in
844 1605 1010 1643 ecclesia
1040 1605 1254 1652 constituit,
1293 1605 1497 1655 magistros

90 1670 228 1716 erudit,
251 1669 403 1719 linguas
425 1670 564 1720 dirigit,
588 1670 752 1708 uirtutes
773 1678 811 1708 et
832 1671 1018 1708 sanitates
1041 1670 1142 1716 facit,
1165 1683 1285 1719 opera
1306 1670 1498 1708 mirabilia

157 1781 173 1801 ‘2
199 1770 569 1802 datus...commodatus
597 1782 639 1800 a:
666 1776 806 1801 -at...-at
834 1771 877 1800 al.

91 1826 213 1863 Latin„
228 1827 279 1868 Ja.
485 1836 520 1865 17
547 1825 601 1866 qui
622 1825 728 1866 Mign.
744 1830 865 1866 qspogr.
879 1835 944 1855 err.

1040 1784 1058 1810 4
1084 1780 1140 1810 per
1165 1781 1187 1808 ‘y
1213 1770 1288 1800 Pa.:
1314 1775 1387 1811 post
1413 1780 1496 1801 corr.

135 1922 221 1953 4sq.
265 1912 318 1952 Jo.
351 1911 404 1942 xiv
441 1910 488 1949 16,
528 1919 584 1950 17:
625 1922 667 1941 xv
700 1910 758 1942 26:

91 1955 146 1986 xvi
179 1964 218 1994 7:
257 1955 311 1985 xvi
347 1965 395 1995 ¹3·
457 1955 529 1985 The
566 1954 665 1994 Vulg.
702 1955 760 1985 has

92 1999 283 2029 Rzracletus
307 1998 520 2038 throughout,
548 2000 581 2028 in
609 1998 703 2038 place
727 1998 764 2028 of

875 1922 925 1946 21,
952 1922 1002 1951 23.
1049 1913 1187 1950 dirigit]
1237 1912 1401 1953 Probably
1439 1912 1495 1943 the

830 1955 920 1985 word
945 1955 971 1986 is
991 1955 1069 1986 used
1087 1955 1119 1986 in
1137 1955 1193 1986 the
1210 1956 1266 1986 old
1284 1955 1381 1986 Latin
1403 1966 1497 1987 sense

828 1998 925 2038 given
946 1998 988 2038 by
1014 1998 1192 2029 Facciolati
1219 1999 1266 2029 ‘in
1287 1999 1367 2029 duas
1389 2005 1498 2039 partes

92 2043 279 2079 aduocatus,
315 2041 392 2072 with
431 2042 526 2072 other
559 2041 758 2077 variations;

92 2096 158 2126 e.g.
183 2085 232 2115 sor
262 2085 383 2125 diriget
409 2085 455 2119 in,
481 2085 632 2123 ὁδηγήσει
657 2086 707 2122 εἰς,
736 2085 760 2115 it

91 2129 151 2160 has
175 2128 303 2159 docebit.

140 2182 186 2211 13.
237 2171 405 2209 pupillos]
450 2171 489 2201 In
517 2171 572 2201 the
600 2171 699 2211 Vulg.
728 2171 765 2201 of

88 2216 142 2257 Jo.
164 2215 217 2245 xiv
245 2216 280 2245 18
305 2214 359 2245 the
384 2215 472 2244 word
496 2214 521 2244 is
542 2215 758 2255 ‘orphanos⁷:

92 2259 148 2289 the
164 2258 249 2299 legal
267 2263 348 2288 term
359 2258 525 2297 pupillus,
547 2259 554 2272 ‘
566 2268 585 2288 a
604 2257 714 2292 ward‚’
733 2257 759 2288 is

92 2301 285 2333 correlative
302 2306 336 2332 to
351 2305 450 2336 tutor,
469 2301 524 2331 the
541 2302 548 2315 ‘
559 2301 744 2341 guardian.⁷

140 2344 188 2376 16.
235 2345 411 2382 distinxit]
437 2344 511 2374 ‘has
536 2344 676 2384 brought
703 2350 759 2375 out

94 2387 227 2429 clearly'
245 2399 281 2418 or
301 2390 308 2403 ‘
321 2387 528 2428 emphasized
543 2388 548 2399 ⁷
563 2387 619 2418 the
634 2388 757 2428 Gospel

92 2432 262 2472 mysteries
277 2443 283 2462 :
304 2442 354 2472 cp.
370 2431 457 2461 what
472 2431 498 2461 is
511 2431 580 2461 said
595 2430 630 2461 of
645 2434 756 2461 ‘evan-

91 2475 206 2516 gelical
233 2475 311 2505 law'
337 2475 369 2504 in
394 2485 425 2515 p.
451 2474 509 2506 106
534 2474 615 2505 lines
642 2485 688 2511 η,
721 2484 756 2514 13

93 2519 210 2549 above.

830 2041 1045 2079 diuidere,'as
1055 2041 1349 2082 theequivalentof
1358 2043 1493 2081 διαμερί-

831 2087 893 2122 ζειν
918 2085 949 2115 in
969 2085 1050 2115 Acts
1067 2085 1087 2115 ii
1103 2095 1130 2124 3.
1181 2086 1253 2115 The
1277 2085 1497 2125 grammarian

834 2129 951 2158 Paulus
966 2127 1010 2169 (p.
1023 2126 1063 2169 69
1078 2128 1139 2167 M.)
1154 2139 1226 2168 says
1239 2128 1394 2168 ‘dirigere
1407 2129 1497 2169 apud

833 2172 983 2202 Plautum
1019 2171 1183 2202 inuenitur
1218 2182 1277 2212 pro
1311 2172 1495 2202 discidere?

831 2214 876 2246 So
900 2225 948 2245 we
974 2225 1048 2255 may
1073 2222 1109 2245 tr.
1143 2215 1351 2245 ‘distribute’
1375 2215 1464 2246 here.

875 2268 925 2298 23.
972 2258 1159 2297 sanitates]
1192 2269 1227 2289 so
1258 2269 1267 2288 1
1300 2258 1375 2290 Cor.
1405 2259 1448 2289 xii
1477 2269 1496 2300 9

831 2301 955 2342 ‘gratia
981 2301 1157 2332 sanitatum
1186 2302 1217 2331 in
1250 2312 1314 2332 uno
1347 2302 1496 2342 Spiritu.‘

830 2345 872 2375 N.
907 2345 997 2385 gives
1035 2345 1090 2375 the
1124 2345 1212 2375 word
1251 2345 1306 2375 the
1340 2356 1434 2376 sense
1464 2345 1501 2376 of

830 2387 985 2421 ‘curcs’z
1024 2399 1059 2418 so
1092 2399 1147 2429 pp.
1183 2398 1233 2429 ²9·
1271 2399 1319 2425 10,
1354 2399 1403 2426 40.
1445 2399 1491 2428 14.

828 2431 1045 2461 Dz'ssretiones
1059 2432 1243 2471 spirilumn
1259 2432 1303 2461 ib.
1314 2443 1345 2462 v.
1360 2441 1406 2466 10,
1416 2432 1495 2462 ‘dis-

828 2475 962 2515 cerning
985 2475 1022 2504 of
1042 2473 1174 2515 spirits.'
1197 2475 1252 2506 i.e.
1279 2475 1494 2506 ‘determina-

827 2518 895 2548 tion
913 2518 1061 2549 between
1082 2518 1174 2549 those
1196 2518 1402 2559 prophetical
1418 2519 1497 2559 gists
