1727 2734
157 485 175 522 5

132 814 177 837 ΙΟ

130 1140 173 1178 15

128 1466 176 1489 20

201 104 254 154 56
753 115 822 146 No
832 115 888 145 VA
898 115 1046 145 TJANJ
1502 115 1599 154 [XVI

199 212 357 251 Christo
388 209 598 260 paraclitus
630 217 804 259 repertus
843 210 894 247 ab
928 209 994 247 illo
1026 209 1145 248 sumit
1175 222 1276 259 quae
1306 209 1444 248 ceteris
1473 210 1602 248 tradit.

198 275 525 326 quandoquidem
565 274 596 312 si
635 276 757 312 homo
796 275 1076 313 tantummodo
1115 274 1306 322 Christus,
1346 288 1370 312 a
1414 277 1604 324 paraclito

198 340 379 380 Christus
417 339 612 389 acciperet
651 352 753 388 quae
798 339 956 384 diceret,
997 352 1078 376 non
1123 352 1145 376 a
1191 338 1349 377 Christo
1394 339 1602 389 paraclitus

197 406 392 456 acciperet
422 418 523 454 quae
554 404 759 442 nuntiaret.

279 470 318 509 Si
338 472 461 508 homo
482 470 761 507 tantummodo
784 469 973 515 Christus,
998 482 1118 518 quare
1138 470 1326 507 credendi
1347 469 1462 507 nobis
1483 471 1602 508 talem

197 536 371 584 regulam
388 532 531 583 posuit,
548 545 628 582 quo
645 532 810 570 diceret:
835 532 925 569 haec
937 537 993 569 est
1009 537 1134 568 autem
1153 533 1234 569 nita
1251 538 1404 569 aeterna
1422 537 1465 569 ut
1481 533 1605 570 sciant

196 606 230 637 te
255 613 373 637 unum
397 604 434 636 et
461 611 593 635 uerum
620 600 739 643 deum,
770 603 805 634 et
828 610 936 645 quem
964 598 1104 634 misisti
1127 598 1254 634 lesum
1286 598 1514 635 Christum?
1570 597 1602 635 si

198 664 387 702 noluisset
409 676 449 701 se
470 662 588 701 etiam
617 663 737 700 deum
765 661 948 711 intellegi,
972 675 1040 699 cur
1070 661 1241 700 addidit:
1270 668 1305 699 el
1330 675 1436 710 quem
1464 663 1608 700 misisti

197 731 323 766 lesum
351 730 560 773 Christum,
580 727 653 765 nisi
675 727 863 776 quoniam
881 735 919 765 et
935 728 1056 765 deum
1073 727 1198 777 accipi
1220 729 1374 766 uoluit?
1412 728 1602 777 quoniam

197 795 228 833 si
250 807 291 833 se
312 796 431 833 deum
461 795 581 831 nollet
608 793 792 842 intellegi,
815 791 1050 830 addidisset:
1081 797 1115 829 el
1131 806 1236 841 quem
1258 794 1398 830 misim'
1413 794 1601 830 hominem

198 861 325 897 Iesum
352 859 559 896 Christum.
620 869 726 894 nunc
746 864 877 894 autem
904 869 1034 906 neque
1053 857 1217 903 addidit,
1242 870 1315 895 nec
1336 871 1377 895 se
1398 857 1602 895 hominem

197 924 313 962 nobis
329 923 608 962 tantummodo
626 921 806 961 Christus
827 921 997 967 tradidit,
1017 923 1087 960 sed
1107 923 1184 960 deo
1205 922 1339 969 iunxit,
1358 930 1401 960 ut
1421 930 1459 961 et
1480 924 1601 961 deum

197 1003 266 1040 per
281 991 384 1027 hanc
401 987 734 1033 coniunctionem,
758 986 857 1024 sicut
879 995 947 1034 est,
966 987 1139 1037 intellegi
1160 989 1288 1026 uellet.
1339 996 1397 1026 est
1418 1001 1508 1038 ergo
1525 1001 1605 1027 cre-

197 1056 387 1101 dendum,
410 1054 631 1091 secundum
655 1052 934 1102 praescriptam
963 1054 1147 1102 regulam,
1171 1052 1211 1090 in
1232 1053 1453 1099 dominum,
1477 1067 1602 1091 unum

195 1134 334 1158 uerum
365 1121 496 1166 deum,
529 1127 566 1157 et
593 1118 632 1155 in
663 1132 754 1156 eum
785 1131 902 1167 quern
935 1118 1039 1156 misit
1071 1120 1204 1156 Iesum
1235 1119 1435 1158 Christum
1469 1132 1605 1157 conse-

196 1194 372 1236 quenter,
389 1185 456 1235 qui
473 1198 513 1223 se
530 1197 781 1234 nequaquam
796 1184 905 1233 patri,
921 1192 962 1221 ut
979 1184 1161 1231 diximus,
1177 1184 1375 1231 iunxisset,
1391 1184 1465 1222 nisi
1482 1186 1602 1223 deum

197 1265 356 1301 quoque
373 1250 545 1300 intellegi
562 1251 691 1288 uellet.
738 1258 953 1299 separasset
970 1249 1075 1287 enim
1093 1250 1143 1288 ab
1165 1263 1222 1296 eo,
1243 1250 1273 1288 si
1295 1252 1413 1289 deun]
1431 1250 1604 1301 intellegi

197 1330 237 1355 se
258 1316 460 1355 noluisset.
498 1315 598 1353 inter
618 1314 800 1352 homines
821 1315 926 1352 enim
948 1316 1228 1352 tantummodo
1249 1328 1290 1352 se
1311 1316 1554 1363 collocasset,
1573 1315 1606 1353 si

197 1381 402 1420 hominem
432 1395 474 1419 se
501 1394 586 1419 esse
614 1381 894 1418 tantummodo
922 1379 1049 1425 sciret⁷
1081 1393 1154 1418 nec
1182 1393 1272 1418 curn
1300 1381 1376 1418 deo
1403 1380 1605 1426 iunxisset,

197 1447 227 1485 si
249 1461 289 1485 se
311 1460 391 1484 non
413 1453 450 1484 et
472 1447 591 1483 deum
614 1452 759 1483 nosset.
816 1457 922 1482 nunc
948 1452 985 1482 et
1011 1446 1061 1483 de
1088 1445 1250 1483 homine
1277 1453 1391 1492 tacet,
1415 1446 1603 1495 quoniam

196 1513 399 1549 hominem
434 1510 543 1547 illurn
580 1522 699 1547 nemo
738 1508 904 1555 dubitat,
948 1516 986 1547 et
1021 1511 1097 1547 deo
1137 1523 1178 1547 se
1212 1509 1338 1559 iungit
1378 1510 1529 1553 merito,
1563 1519 1605 1549 ut

196 1577 399 1616 credituris
421 1575 638 1615 diuinitatis
661 1588 753 1613 suae
775 1576 984 1612 formulam
1006 1583 1180 1624 poneret.

261 1679 279 1710 9
304 1678 337 1698 se
355 1667 459 1697 uoluit
476 1667 558 1696 coni.
578 1666 652 1696 We.
766 1675 802 1705 13
828 1675 861 1695 se
878 1665 977 1696 uellet
994 1665 1075 1696 coni.
1098 1665 1170 1696 We.
1292 1675 1326 1705 17
1352 1676 1386 1696 se
1402 1666 1501 1697 uellet
1518 1667 1603 1697 coni.

194 1722 267 1753 We.
328 1721 370 1751 ab
387 1731 426 1752 eo
443 1730 484 1760 ’γε
511 1731 544 1751 se
561 1721 603 1751 ab
620 1731 659 1751 eo
678 1720 735 1750 Pa.

936 1797 1122 1828 illustrates.
1171 1797 1222 1828 Cf.
1249 1798 1334 1828 Hor.
1360 1799 1428 1829 Sat.
1452 1806 1477 1828 11
1504 1798 1537 1829 iii
1563 1809 1604 1838 45

940 1841 1040 1872 ‘haec
1075 1851 1213 1881 magnos
1248 1841 1388 1872 formula
1422 1852 1514 1882 reges
1549 1853 1602 1872 ex-

1392 1884 1454 1916 See
1472 1886 1600 1916 Introd.

239 1800 267 1832 6.
317 1800 493 1838 regulam]
518 1810 569 1840 cp.
587 1809 620 1829 n.
635 1809 677 1829 on
696 1799 704 1828 i
726 1808 751 1830 J.

239 1845 278 1874 ib.
326 1844 409 1882 quo]
432 1844 509 1874 here
530 1842 718 1883 equivalent
736 1848 770 1872 to
789 1840 865 1879 ‘ut‚’

196 1892 203 1904 ⁴
215 1898 250 1918 as
268 1893 300 1918 to
318 1887 398 1928 say.'

237 1932 278 1961 ib.
323 1931 375 1971 Jo.
413 1930 477 1960 xvii
511 1940 528 1969 3
562 1929 659 1970 Vulg.
694 1928 754 1959 has
800 1929 864 1960 ‘Ut

194 1979 395 2015 cognoscant
417 1978 449 2004 te
473 1973 578 2003 solum
604 1973 703 2003 deum
727 1971 864 2002 uerum.’

242 2028 289 2057 15.
351 2016 616 2054 consequenter]
663 2013 862 2055 ‘similarly’

193 2073 230 2092 or
248 2062 299 2091 ‘in
315 2059 564 2100 consequence.’
579 2070 623 2090 sc.
638 2059 675 2089 of
689 2059 753 2089 His
763 2059 864 2100 being

194 2105 309 2146 placed
327 2111 403 2135 next
423 2111 454 2134 to
473 2103 528 2133 the
547 2103 679 2133 Father.

936 1890 1032 1925 cepto
1058 1885 1207 1925 sapiente
1233 1884 1345 1915 tenet.’

937 1930 951 1950 ³
972 1939 999 1959 1.

935 1943 950 1966 b
981 1981 1029 2011 23.
1081 1971 1153 2002 The
1183 1977 1366 2011 argument.
1398 1971 1465 2002 like
1503 1983 1603 2013 many

935 2014 1045 2045 others
1083 2014 1115 2044 in
1148 2014 1204 2045 the
1242 2016 1385 2052 treatise,
1420 2015 1492 2046 falls
1531 2016 1602 2046 into

934 2058 1140 2098 syllogisms:
1166 2058 1284 2088 thus—

979 2101 1022 2141 (α)
1073 2102 1127 2131 No
1152 2112 1214 2132 one
1239 2112 1298 2132 can
1323 2101 1406 2132 have
1430 2103 1601 2144 anythhrg,

239 2158 288 2178 ρο.
335 2155 428 2178 nunc
445 2149 480 2177 et
496 2149 537 2176 de
553 2146 751 2184 homine...]
771 2147 822 2175 ‘as
838 2146 861 2176 it

193 2192 230 2227 is,
250 2192 306 2222 He
323 2202 396 2231 says
413 2190 553 2230 nothing
572 2190 672 2220 about
693 2189 748 2219 the
767 2190 861 2219 Man-

191 2234 304 2265 hood.’

238 2288 287 2308 21.
338 2278 396 2307 ‘In
425 2277 521 2307 order
545 2282 578 2306 to
603 2275 655 2315 lay
679 2275 778 2306 down
806 2275 861 2306 the

191 2321 363 2352 definition
385 2320 423 2350 os
443 2320 506 2350 His
529 2319 679 2359 Divinity
695 2319 745 2349 sor
767 2318 861 2349 those

190 2365 265 2395 who
283 2364 400 2395 should
418 2362 570 2394 believe.’
620 2365 627 2377 ⁶
641 2362 816 2393 Formula'
834 2362 860 2392 is

190 2420 207 2438 a
240 2407 390 2448 lawyer's
423 2412 516 2444 term,
542 2406 703 2447 probably
735 2406 767 2435 in
804 2416 860 2435 use

189 2462 312 2491 among
343 2450 398 2481 the
432 2450 555 2484 Stoics;
596 2449 619 2479 it
646 2450 672 2479 is
697 2448 798 2479 found
827 2449 859 2479 in

191 2496 327 2532 Seneca,
358 2493 470 2524 whose
496 2492 657 2523 influence
688 2502 730 2522 on
756 2492 799 2523 N.
836 2492 859 2523 it

1105 2144 1215 2175 unless
1231 2145 1273 2175 he
1290 2144 1357 2175 first
1374 2145 1483 2176 exists.

1072 2188 1181 2219 Christ
1205 2188 1268 2218 had
1293 2188 1387 2229 glory
1410 2189 1521 2220 before
1547 2190 1603 2220 the

1106 2231 1220 2261 world.
1438 2267 1442 2272 ,

1070 2274 1249 2305 Therefore
1271 2274 1382 2306 Christ
1405 2285 1472 2305 was
1489 2275 1601 2307 before

1104 2318 1159 2349 the
1176 2318 1290 2348 world.

1068 2361 1122 2391 No
1154 2371 1243 2392 mere
1276 2371 1353 2391 man
1388 2361 1485 2392 could
1517 2362 1601 2394 have

1103 2404 1197 2445 glory
1221 2404 1333 2435 before
1356 2404 1411 2435 the
1435 2405 1558 2436 world:

1072 2448 1182 2479 Christ
1218 2448 1283 2478 had
1316 2447 1397 2478 this:
1438 2448 1602 2480 therefore

1104 2491 1213 2523 Christ
1236 2502 1302 2522 was
1322 2496 1379 2522 not
1402 2502 1490 2523 mere
1510 2503 1600 2523 man.

976 2360 1017 2401 (h)
