1727 2734
131 132 162 171 I]
549 134 620 164 DE
657 134 935 165 TlelNlTATE
967 135 1120 166 LIBER
1511 137 1532 178 3

128 226 249 263 moda
282 225 476 272 animalia,
515 240 620 264 nunc
660 226 881 273 mediocris,
923 240 1030 265 nunc
1064 227 1163 266 uasti
1197 230 1371 279 corporis
1411 232 1532 282 fingit,

128 289 330 340 ingenium
360 291 518 330 artificis
548 293 599 331 de
629 292 886 330 institutionis
914 292 1101 331 uarietate
1133 296 1325 332 testantia.
1389 296 1533 345 quibus

127 368 207 393 non
249 364 469 403 contentus,
512 371 562 395 ne
601 358 698 395 forte
738 357 913 395 fremitus
948 364 986 395 et
1021 371 1157 395 cursus
1195 371 1398 408 aquarum,
1440 374 1529 399 cum

124 419 338 470 dispendio
364 420 600 470 possessoris
628 420 801 467 humani,
830 420 1003 459 alienum
1035 430 1247 471 occuparet
1276 424 1529 472 elementum,

126 484 225 522 fines
264 484 442 523 litoribus
477 484 657 523 inclusit:
702 498 782 534 quo
812 498 903 523 cum
934 486 1105 524 fremens
1136 488 1278 525 fluctus
1307 495 1345 526 et
1376 502 1422 526 ex
1450 491 1531 527 alto

122 545 211 584 sinu
233 559 421 597 spumans
443 549 550 585 unda
571 548 752 594 uenisset,
781 561 932 586 rursum
954 547 992 585 in
1015 561 1056 586 se
1077 548 1218 587 rediret
1244 562 1317 587 nec
1341 551 1529 590 terminos

122 623 334 649 concessos
361 613 578 659 excederet,
602 626 762 650 seruans
790 612 873 650 iura
894 612 1154 662 praescripta:
1186 621 1228 651 ut
1249 614 1404 652 diuinas
1424 617 1529 665 leges

121 682 233 714 tanto
272 676 393 726 magis
433 677 554 715 homo
593 677 819 724 custodiret,
861 685 1012 727 quanto
1051 677 1135 716 illas
1174 678 1292 716 etiam
1332 681 1527 719 elementa

119 749 354 779 seruassent.

204 807 298 844 Post
325 819 426 856 quae
454 807 657 846 hominem
683 821 843 857 quoque
868 808 1020 846 mundo
1048 808 1275 858 praeposuit
1299 817 1337 847 et
1363 810 1526 859 quidem

116 871 169 908 ad
202 871 412 921 imaginem
449 872 513 910 dei
553 873 723 911 factum:
763 873 826 911 cui
862 881 1036 911 mentem
1076 881 1114 912 et
1154 874 1346 913 rationem
1382 875 1526 915 indidit

116 943 156 973 et
195 936 458 985 prudentiam,
495 946 535 975 ut
571 939 690 975 deum
730 945 863 988 posset
902 937 1066 976 imitari:
1107 938 1218 977 cuius
1248 939 1320 977 etsi
1351 942 1524 990 corporis

116 1007 270 1038 terrena
301 1000 525 1050 primordia,
560 1002 738 1040 caelestis
770 1010 903 1040 tamen
939 1010 977 1040 et
1009 1002 1133 1040 diuini
1165 1003 1308 1042 halitus
1338 1004 1525 1055 inspirata

115 1065 358 1104 substantia:
408 1079 538 1115 quem,
587 1080 678 1104 cum
720 1066 854 1104 omnia
895 1066 935 1104 in
974 1067 1203 1106 seruitutem
1243 1068 1297 1106 illi
1335 1070 1521 1114 dedisset,

114 1132 244 1168 solum
283 1131 450 1169 liberum
499 1145 584 1170 esse
632 1131 769 1170 uoluit.
847 1139 885 1169 et
928 1146 977 1170 ne
1023 1132 1062 1169 in
1102 1133 1319 1182 periculum
1364 1137 1522 1174 caderet

115 1208 267 1234 rursum
308 1198 435 1235 soluta
477 1197 644 1243 libertas,
688 1198 920 1235 mandatum
962 1197 1102 1248 posuit,
1146 1212 1226 1248 quo
1267 1208 1399 1239 tamen
1439 1215 1520 1240 non

114 1259 242 1300 inesse
271 1264 417 1300 malum
449 1264 576 1301 fructu
603 1262 753 1300 arboris
781 1263 998 1310 doceretur,
1030 1265 1099 1302 sed
1128 1265 1312 1311 futurum,
1346 1265 1377 1303 si
1407 1267 1517 1314 forte,

111 1338 159 1364 ex
193 1327 397 1365 uoluntate
432 1327 603 1365 hominis
642 1328 691 1365 de
730 1336 962 1377 contemptu
1002 1329 1118 1367 datae
1157 1328 1251 1379 legis
1291 1343 1519 1380 praemone-

843 1465 880 1496 of
899 1465 1100 1507 description
1127 1467 1251 1498 further
1272 1467 1446 1508 explained
1472 1469 1515 1510 by

845 1509 1041 1550 ‘inspirata.'
1093 1510 1132 1541 In
1165 1510 1220 1541 the
1245 1510 1312 1541 first
1341 1511 1514 1543 Tractatus

844 1553 1140 1593 pseudo—Origenis
1167 1555 1204 1584 de
1230 1554 1324 1584 libris
1353 1555 1414 1586 SS.
1441 1556 1512 1586 Scr.

161 1476 184 1495 ι.
227 1473 318 1497 nunc
333 1467 532 1505 mediocris]
573 1466 635 1507 Cp.
651 1467 701 1497 ΡΞ.
720 1466 774 1496 ciii

112 1508 190 1547 (civ)
211 1518 261 1549 ²5·

156 1562 183 1582 2.
234 1554 276 1583 de
298 1554 536 1584 institutionis
558 1553 610 1591 u.]
636 1553 698 1593 ‘by
719 1553 774 1583 the

109 1595 234 1636 variety
264 1595 301 1626 os
330 1596 394 1627 His
424 1595 686 1637 appointment’:
726 1596 775 1627 for

107 1639 146 1669 de
169 1649 219 1679 cp.
244 1640 264 1670 l.
293 1640 329 1670 18
351 1639 406 1670 ‘de
423 1638 640 1680 contemptu‚'
658 1650 688 1680 p.
716 1650 774 1670 120

109 1682 130 1712 l.
159 1684 176 1713 8
205 1682 264 1713 ‘de
286 1693 422 1713 numero
446 1683 585 1713 duorum
613 1683 774 1713 deorum.’

108 1725 181 1756 The
195 1736 287 1757 sense
304 1726 362 1757 lies
379 1727 527 1757 between
546 1727 756 1757 ‘instrument
767 1725 773 1737 '

106 1770 171 1799 and
215 1769 351 1807 ‘cause‚⁷
390 1770 445 1800 the
484 1780 572 1800 noun
607 1770 773 1810 governed

106 1812 206 1853 being
229 1813 372 1844 abstract
396 1818 452 1844 not
477 1819 637 1844 concrete.

151 1870 181 1895 4.
233 1856 377 1887 ‘Should
400 1857 483 1887 seize
501 1867 588 1897 upon
606 1867 624 1886 a
646 1856 771 1897 foreign

105 1898 247 1930 element
263 1905 296 1930 at
313 1900 368 1931 the
384 1910 527 1941 expense
543 1900 580 1930 os
594 1900 633 1930 its
650 1900 772 1930 human

106 1942 299 1983 possessor.’
348 1944 399 1973 Ps.
417 1944 468 1974 civ
485 1954 515 1984 9.

153 1995 181 2025 5.
228 1995 271 2017 ex
295 1989 368 2017 alto
395 1988 489 2025 sinu]
522 1986 619 2016 ‘srom
645 1986 699 2016 the
722 1986 771 2016 sar

106 2029 230 2069 sweep'
258 2029 295 2060 of
321 2030 376 2060 the
399 2030 532 2067 hollow‚
564 2030 611 2059 lit.
647 2031 654 2044 ⁶
667 2029 767 2060 fold’:

106 2082 141 2102 as
154 2072 262 2103 below
273 2084 305 2114 p.
319 2072 371 2104 61.
383 2087 401 2112 4
417 2074 545 2103 ‘mundi
557 2073 652 2103 huius
663 2073 768 2103 sinus’

106 2118 114 2131 ⁴
124 2116 281 2147 reaches.⁷
308 2117 347 2146 In
360 2127 388 2157 p.
401 2116 419 2147 6
434 2117 454 2146 1.
468 2127 477 2147 1
489 2127 499 2147 1
511 2116 566 2146 the
579 2116 731 2156 meaning
743 2116 768 2146 is

106 2159 214 2190 rather
229 2160 394 2190 ‘bosom’z
413 2160 444 2190 in
459 2171 489 2200 p.
503 2170 540 2198 ²4
552 2159 573 2189 l.
585 2170 621 2189 22
642 2159 767 2196 ‘store‚⁷

106 2201 189 2232 from
207 2202 262 2233 the
278 2203 352 2233 idea
369 2202 405 2233 os
423 2203 608 2244 ‘emptying
621 2202 674 2233 the
689 2201 765 2243 lap.’

151 2255 179 2285 7.
226 2249 266 2276 ut
289 2247 428 2276 diuinas
453 2247 529 2285 cet.]
555 2256 605 2286 cp.
625 2251 701 2276 note
723 2256 765 2276 on

104 2298 137 2329 p.
158 2299 173 2318 2
191 2289 212 2318 l.
232 2290 261 2326 8,
280 2290 441 2329 legilz'mlk.

152 2343 198 2363 11.
248 2335 294 2363 ad
309 2333 514 2371 imaginem]
539 2332 623 2363 Gen.
641 2332 650 2362 i
668 2341 719 2371 ²7-

152 2385 200 2406 12.
250 2376 409 2416 ‘Though
426 2377 481 2407 the
494 2376 652 2406 elements
669 2375 707 2405 of
717 2375 768 2406 his

102 2418 192 2459 body
208 2429 293 2450 were
309 2419 447 2460 earthly,
468 2426 520 2459 yet
540 2420 579 2450 its
595 2419 768 2449 substance

103 2472 169 2492 was
186 2462 347 2503 heavenly
364 2463 427 2493 and
445 2463 481 2493 of
502 2463 556 2493 the
578 2462 699 2492 Divine
721 2462 767 2492 in-

102 2505 300 2546 breathing.’
340 2507 348 2522 ‘
362 2506 475 2536 Diuini
493 2506 638 2542 halitus-‚³
656 2516 675 2536 a
691 2515 764 2545 gen.

846 1598 893 1633 (as
918 1602 951 1626 to
972 1597 1079 1627 which
1101 1608 1131 1626 v.
1150 1597 1277 1627 [πῂ-(πί.
1299 1599 1315 1635 ἐ
1344 1609 1369 1635 1,
1390 1609 1420 1638 p.
1443 1598 1509 1639 xxi)

844 1650 892 1670 we
912 1639 977 1670 find
998 1639 1062 1670 this
1081 1640 1271 1670 distinction
1290 1641 1437 1672 between
1455 1642 1510 1673 the

843 1688 936 1713 outer
950 1693 1023 1713 man
1037 1683 1094 1713 ‘cle
1107 1683 1186 1713 limo
1198 1689 1301 1714 terrae
1315 1685 1494 1724 plasmatus
1504 1685 1511 1697 ’

842 1726 908 1756 and
921 1726 977 1757 the
990 1726 1083 1757 inner
1093 1737 1168 1756 man
1181 1731 1187 1742 ⁴
1200 1726 1322 1767 (anima
1335 1727 1510 1759 inuisibilis

843 1769 1036 1800 immortalis
1064 1770 1267 1801 rationabilis
1294 1771 1438 1812 mobilis)
1466 1773 1508 1803 ad

842 1812 1019 1853 imaginem
1052 1813 1115 1844 Dei
1143 1813 1273 1844 factus.’
1323 1814 1353 1845 It
1381 1815 1407 1845 is
1437 1815 1506 1846 also

840 1855 991 1897 frequent
1008 1857 1040 1886 in
1056 1857 1220 1895 Irenaeus,
1236 1857 1311 1888 who
1324 1857 1420 1888 holds
1437 1858 1506 1890 that

842 1910 917 1930 man
942 1910 1003 1930 can
1025 1900 1103 1940 only
1126 1900 1228 1930 attain
1251 1900 1300 1931 his
1326 1901 1505 1941 perfection

840 1943 981 1983 through
1005 1943 1059 1974 the
1082 1944 1255 1975 Incarnate
1277 1944 1357 1981 Son,
1383 1944 1458 1976 who
1480 1946 1506 1976 is

841 1986 970 2017 ‘unitus
995 1992 1026 2017 et
1050 1997 1246 2027 consparsus
1269 1998 1328 2018 suo
1352 1989 1505 2028 plasmati

839 2030 1019 2060 secundum
1056 2030 1213 2070 placitum
1252 2030 1373 2061 Patris’
1413 2031 1501 2071 (adu.

839 2073 943 2103 Haer.
965 2073 998 2103 iii
1024 2073 1070 2104 16.
1092 2072 1136 2111 6).
1184 2074 1245 2114 Cp.
1268 2074 1397 2104 Inlwd.
1417 2076 1433 2112 ἓ
1450 2074 1481 2106 6.

885 2127 933 2155 14-
980 2124 1056 2146 cum
1074 2117 1205 2155 omnia]
1253 2117 1335 2147 Gen.
1354 2117 1363 2147 i
1383 2120 1432 2149 28.

885 2158 932 2190 16.
979 2162 1185 2190 mandatum
1205 2161 1337 2198 posuit]
1379 2161 1463 2192 Gen.
1482 2161 1502 2191 ii

841 2211 886 2241 17.

885 2254 930 2284 17.
979 2248 1039 2276 sed
1086 2248 1246 2276 futurum
1310 2248 1503 2286 praemon]

840 2289 913 2319 ‘but
925 2299 990 2319 was
1008 2289 1209 2320 forewarned
1228 2289 1296 2319 that
1314 2290 1377 2320 evil
1392 2291 1501 2321 would

837 2331 959 2369 follow,
981 2332 1006 2362 if
1026 2338 1057 2362 at
1081 2332 1124 2362 all
1151 2332 1316 2372 (siferte),
1336 2334 1378 2373 by
1401 2333 1503 2364 man's

837 2375 979 2406 exercise
1011 2375 1049 2406 of
1083 2376 1132 2406 his
1164 2386 1238 2406 own
1276 2377 1340 2406 free
1372 2377 1438 2407 will
1471 2377 1502 2408 in

838 2418 1005 2459 disregard
1038 2419 1074 2449 of
1104 2419 1158 2449 the
1190 2419 1253 2449 law
1284 2419 1351 2450 laid
1378 2420 1501 2451 down.⁷

840 2462 905 2491 For
936 2463 972 2492 de
1003 2473 1054 2503 cp.
1087 2473 1119 2492 n.
1152 2473 1195 2492 on
1227 2463 1248 2492 l.
1277 2473 1306 2492 2.
1358 2463 1503 2504 Perhaps

832 2510 1101 2545 praemoneretur
1123 2506 1148 2536 is
1176 2516 1195 2536 a
1227 2506 1388 2547 marginal
1415 2507 1503 2548 gloss

1301 2587 1394 2609 1—2

1552 502 1570 539 5

1553 828 1596 851 10

1547 1149 1589 1186 ¹5
