1727 2734
81 177 160 216 XV]
496 178 566 208 DE
603 177 807 208 J'A’JNJTA
818 177 881 207 TE
911 177 1065 208 LIBER
1429 180 1485 219 49

79 274 205 310 solam
223 286 308 311 esse
322 272 468 311 Christi
483 272 730 310 natiuitatem
745 280 936 317 tenentes,
952 272 1048 309 nihil
1061 272 1168 311 aliud
1183 273 1385 312 Christum
1400 289 1484 314 esse

79 349 200 386 quam
222 337 425 376 hominem
446 337 709 383 crediderunt,
732 351 813 375 non
835 337 1131 376 considerantes
1150 338 1256 384 illud,
1281 340 1483 388 quoniam,

78 415 171 440 curn
192 393 243 441 de
263 404 373 441 caelo
394 404 516 441 homo
538 416 618 441 11011
640 402 810 452 potuerit
830 402 974 448 uenire,
999 410 1040 440 ut
1066 404 1204 441 merito
1232 403 1324 442 illue
1351 413 1484 454 posset

80 466 216 513 redire,
240 467 359 505 deum
387 480 472 505 esse
494 467 559 517 qui
582 467 674 505 inde
695 468 955 513 descenderit,
978 467 1085 505 unde
1106 468 1227 506 1101110
1248 468 1382 507 uenire
1402 482 1482 507 non

79 531 260 580 potuerit.
1505 543 1524 580 5

160 596 199 635 Si
237 598 358 635 homo
393 599 673 636 tantummodo
708 597 899 643 Christus,
935 599 1142 647 quomodo
1179 598 1298 636 dicit:
1339 613 1406 636 uos
1438 612 1484 637 ex

77 662 324 710 infimbrz'bus
355 664 451 708 estis,
488 675 548 711 ego
581 664 777 699 desursum
811 675 917 706 scum,-
946 675 1013 699 uos
1045 663 1088 699 de
1121 663 1188 700 hoc
1218 664 1360 700 mundo
1386 666 1480 711 estis,

75 739 135 775 ego
155 739 231 764 non
251 741 333 764 sum
354 728 397 764 de
419 728 482 765 hec
500 728 669 765 mundo?
721 727 811 765 ideo
838 734 971 765 autem
993 726 1023 764 si
1044 726 1174 765 omnis
1195 728 1317 766 homo
1338 741 1385 766 ex
1406 730 1482 767 1106

78 792 230 829 mundo
246 800 315 838 est,
334 799 372 829 et
393 791 484 829 ideo
505 791 544 828 in
561 793 637 829 hoc
655 792 807 829 mundo
824 800 881 829 est
899 791 1091 834 Christus,
1108 805 1157 828 an
1175 792 1297 830 homo
1314 799 1482 830 tanturn-

78 856 200 893 modo
232 857 318 893 est?
374 855 486 893 absit.
547 857 616 894 sed
646 855 852 894 considera
881 857 991 905 quod
1021 856 1097 894 ait:
1132 869 1192 904 ego
1221 869 1294 894 non.
1323 870 1408 894 sum
1439 860 1484 895 de
1507 873 1552 897 10

76 921 143 958 lmc
160 921 311 958 mundo.
367 921 562 970 numquid
583 934 675 970 ergo
696 921 893 966 mentitur,
917 934 1007 959 curn
1030 935 1075 959 ex
1097 922 1173 959 1106
1195 923 1346 960 mundo
1367 923 1426 969 sit,
1449 924 1481 961 si

77 987 198 1024 homo
220 987 499 1024 tantummodo
525 986 603 1024 sit?
658 994 724 1024 aut
751 985 782 1023 si
808 999 889 1024 non
919 986 1114 1033 mentitur,
1138 999 1218 1024 non
1246 995 1304 1024 est
1331 1001 1377 1025 ex
1404 989 1480 1026 1106

77 1052 242 1089 mundo.
299 1065 379 1089 non
401 1065 492 1101 ergo
513 1053 634 1090 homo
659 1053 938 1090 tantummodo
959 1060 1028 1098 est,
1052 1052 1143 1101 quia
1163 1066 1210 1090 ex
1231 1054 1307 1091 1106
1328 1056 1481 1093 mundo

75 1130 157 1154 non
185 1124 252 1155 est.
313 1118 383 1155 sed
412 1130 461 1155 ne
486 1119 622 1155 lateret
649 1117 737 1166 quis
765 1124 879 1164 esset,
903 1117 1091 1166 expressit
1115 1119 1223 1156 unde
1250 1126 1375 1156 esset:
1405 1132 1476 1167 ego,

75 1181 213 1231 inquit,
231 1183 426 1219 desursum
446 1195 529 1219 sum
545 1196 554 1229 3
584 1183 660 1219 hoc
681 1189 750 1228 est,
768 1182 818 1219 de
835 1182 956 1228 eaelo,
975 1182 1083 1220 unde
1104 1183 1226 1221 horno
1243 1182 1377 1221 uenire
1398 1196 1479 1221 non

75 1255 228 1298 potest3
273 1261 353 1286 non
387 1247 493 1286 enirn
528 1248 568 1285 in
603 1249 712 1285 caelo
751 1248 876 1285 factus
910 1254 979 1285 est.
1051 1249 1150 1286 deus
1184 1256 1242 1287 est
1281 1263 1373 1299 ergo
1413 1250 1479 1300 qui

73 1312 279 1349 desursum
308 1319 378 1358 est,
404 1319 441 1350 et
469 1311 617 1350 idcirco
642 1313 692 1349 de
717 1312 793 1349 1106
819 1312 972 1349 mundo
1000 1324 1081 1349 non
1108 1320 1178 1350 est.
1235 1326 1477 1363 quamquain

73 1375 193 1414 etiam
210 1378 385 1426 quodam
402 1378 524 1415 modo
541 1389 587 1415 ex
604 1378 680 1415 1106
698 1377 850 1414 mundo
866 1384 925 1414 est
941 1390 949 1422 ;
977 1378 1083 1415 unde
1101 1390 1181 1415 non
1203 1379 1302 1416 deus
1323 1386 1475 1417 tanturn

73 1450 131 1479 est
160 1441 353 1487 Christus,
382 1443 453 1480 sed
482 1449 521 1480 et
547 1443 692 1488 hom03
724 1449 765 1479 ut
792 1441 943 1488 merito,
972 1454 1052 1491 quo
1083 1443 1205 1481 modo
1233 1456 1313 1482 non
1344 1452 1401 1482 est
1432 1458 1478 1483 ex

74 1507 150 1544 1106
179 1508 330 1545 mundo
358 1509 579 1546 secundum
602 1507 711 1546 uerbi
733 1507 995 1554 diuinitatem,
1018 1508 1071 1545 ita
1091 1521 1136 1546 6)(
1159 1509 1235 1546 1106
1257 1511 1408 1548 mundo
1430 1510 1477 1548 sit

72 1573 293 1610 secundum
315 1572 486 1621 suscepti
507 1572 680 1622 corporis
702 1571 960 1621 fragilitatem.
1021 1574 1143 1611 homo
1169 1581 1227 1612 est
1253 1575 1359 1612 6111111
1386 1588 1475 1613 611111

1505 1194 1547 1232 Ι5

489 1684 524 1715 19
549 1679 595 1704 est
615 1673 779 1712 Christus]
804 1673 844 1704 sit
863 1673 1012 1704 Christus
1030 1685 1059 1704 α.

805 1767 924 1798 world:
954 1768 977 1798 it
1006 1767 1134 1798 follows
1159 1767 1229 1798 that
1255 1768 1310 1798 He
1335 1767 1361 1798 is
1386 1779 1476 1799 more

804 1811 884 1841 than
906 1821 993 1841 man.
1040 1811 1113 1841 The
1138 1816 1203 1841 two
1229 1811 1337 1841 words
1362 1811 1475 1842 ‘ideo'

804 1865 857 1884 are
875 1860 932 1885 not
950 1854 1086 1895 parallel
1104 1859 1137 1884 to
1156 1854 1236 1885 each
1254 1854 1359 1885 other.
1411 1855 1474 1886 But

803 1897 858 1928 the
903 1898 1131 1928 combination
1170 1897 1206 1928 of
1249 1897 1365 1928 ‘ideo’
1410 1898 1474 1928 and

807 1941 955 1972 ‘autem'
991 1943 1017 1971 is
1048 1947 1201 1980 strange:
1243 1941 1334 1973 there
1371 1941 1397 1971 is
1432 1952 1475 1972 no

122 1779 147 1798 1.
194 1769 370 1807 tenentes]
387 1768 541 1809 ‘holding
552 1773 586 1798 to
597 1768 652 1799 the
660 1769 743 1799 view

72 1812 142 1842 that
171 1812 225 1843 the
256 1813 366 1843 carnal
398 1812 537 1852 nativity
567 1812 605 1842 of
632 1812 743 1843 Christ

72 1866 138 1886 was
162 1855 217 1886 the
241 1856 318 1896 only
343 1854 428 1886 one?

117 1909 144 1938 3.
195 1899 337 1939 Though
357 1899 413 1929 the
434 1898 543 1929 clause
556 1899 615 1928 has
632 1898 741 1938 begun

71 1942 151 1972 with
186 1941 373 1983 ‘quoniam’
405 1942 546 1982 (⁴that')‚
580 1941 634 1972 the
666 1952 741 1971 con-

70 1985 229 2016 struction
268 1986 410 2026 changes
449 1991 482 2016 to
526 1996 633 2016 accus.
675 1985 740 2015 and

72 2028 245 2059 infinitive.

116 2071 145 2102 6.
191 2072 279 2112 John
307 2072 362 2102 viii
390 2081 428 2111 23
457 2072 557 2112 Vulg.
584 2072 640 2102 has
666 2074 743 2102 ‘uos

71 2115 112 2145 de
135 2115 289 2146 deorsum
313 2115 409 2146 estis:
443 2125 504 2155 ego
528 2115 570 2145 de
594 2115 743 2155 supernis

70 2158 165 2189 sum.'

115 2203 144 2232 8.
196 2201 312 2232 ‘Then
351 2201 378 2231 if
406 2212 504 2242 every
537 2212 613 2231 inan
649 2201 676 2231 is
710 2200 747 2231 of

71 2244 135 2275 this
159 2245 262 2275 world
286 2245 350 2275 and
380 2245 450 2276 that
478 2245 503 2275 is
531 2245 607 2285 why
632 2243 741 2275 Christ

73 2286 120 2327 (as
152 2288 251 2328 being
279 2287 366 2327 man)
399 2288 425 2318 is
456 2288 489 2318 in
528 2288 592 2318 this
623 2287 738 2324 world,

71 2331 151 2362 does
180 2332 205 2362 it
236 2331 347 2362 follow
380 2332 450 2362 that
484 2331 539 2361 He
563 2332 589 2361 is
617 2331 695 2370 only
723 2341 741 2360 a

71 2374 187 2405 man?'
248 2375 320 2405 The
362 2375 558 2415 underlying
601 2374 741 2413 thought

71 2417 97 2448 is
133 2418 204 2448 that
239 2419 277 2448 of
305 2418 427 2458 Johni
459 2429 494 2449 10
533 2418 585 2448 'in
618 2417 741 2447 inundo

71 2466 139 2491 erat
170 2466 201 2492 et
233 2462 375 2492 mundus
409 2472 466 2502 per
498 2461 605 2502 ipsum
636 2460 741 2491 factus

71 2504 141 2535 est.'
188 2504 260 2535 The
289 2505 391 2535 Word
424 2505 450 2535 15
478 2506 514 2534 in
543 2504 598 2535 the
622 2504 736 2541 world,

71 2557 145 2578 rnen
178 2547 286 2578 whom
321 2549 374 2578 He
407 2548 503 2578 made
533 2558 587 2578 are
619 2547 659 2588 (gf
686 2547 740 2577 the

181 2626 211 2652 F.
237 2626 276 2652 N.

803 1995 965 2024 sequence
981 1984 1017 2014 of
1031 1985 1205 2025 reasoning
1222 1990 1256 2015 to
1269 1991 1407 2015 account
1426 1985 1475 2015 for

805 2028 927 2058 ‘ideo’
976 2028 1126 2068 Possibly
1154 2027 1209 2058 the
1240 2034 1309 2058 true
1337 2028 1476 2069 reading

803 2070 829 2100 is
853 2072 881 2100 si
902 2076 1023 2101 aulem.

852 2124 898 2144 11.
952 2115 1060 2144 61)065
1079 2114 1134 2144 He
1151 2113 1193 2144 lie
1210 2113 1309 2144 then?
1333 2113 1362 2144 if
1375 2114 1430 2144 He
1446 2114 1473 2144 is

802 2157 880 2197 only
905 2167 991 2194 man,
1019 2157 1073 2187 He
1096 2157 1121 2187 is
1146 2156 1183 2187 of
1202 2156 1266 2187 this
1283 2156 1387 2187 world
1407 2157 1473 2188 and

803 2199 965 2230 therefore
986 2200 1060 2230 lies:
1086 2200 1270 2236 otherwise,
1291 2200 1345 2230 He
1368 2200 1393 2231 is
1417 2206 1473 2231 not

803 2243 839 2274 of
852 2243 915 2274 this
932 2243 1062 2274 world.'

852 2297 897 2328 19.
944 2289 986 2317 ut
1001 2286 1141 2324 merito]
1170 2286 1261 2317 ‘thus
1278 2286 1301 2316 it
1319 2286 1473 2327 properly

802 2329 956 2360 follows.'

847 2384 898 2403 21.
943 2375 1045 2403 homo
1062 2375 1116 2403 est
1133 2373 1283 2411 enim...]
1306 2373 1338 2403 A
1355 2373 1474 2414 simple

802 2416 993 2457 expression
1007 2416 1043 2446 of
1056 2416 1142 2446 what
1155 2426 1221 2446 was
1238 2416 1474 2458 subsequently

802 2460 909 2490 called
934 2460 989 2490 the
1014 2459 1200 2500 hypostatic
1228 2459 1329 2490 union
1355 2460 1474 2499 (ἕνωσις

802 2502 876 2533 καθ’
909 2504 1114 2540 ὑπόστασιν),
1149 2513 1186 2533 01·
1218 2503 1319 2533 union
1351 2503 1389 2534 of
1418 2503 1473 2534 the

803 2552 868 2577 two
903 2552 1033 2577 matures
1064 2546 1097 2576 in
1122 2546 1195 2578 One
1230 2547 1362 2577 Person.
1420 2546 1471 2578 Cf.

1345 2627 1364 2658 4
