1727 2734
171 481 189 517 υι

149 814 193 836 10

149 1134 191 1170 15

218 105 296 145 106
763 115 832 145 No
842 115 898 145 VA
910 114 989 145 TJA
994 114 1057 144 Nl
1478 114 1615 153 [ΧΧΙΧ

211 209 366 249 statutis
395 217 620 258 temporum
651 207 1012 257 opportunitatibus
1041 206 1250 245 redditum.
1324 214 1382 245 est
1411 206 1517 244 enim
1546 220 1617 256 per

213 277 364 314 Ioelem
399 274 633 323 prophetam
668 272 941 322 repromissus,
976 273 1046 310 sed
1084 285 1153 321 per
1188 271 1389 310 Christum
1425 273 1615 310 redditus.

213 342 252 379 in
285 340 515 383 nouissimis,
556 337 694 387 inquit,
730 339 858 375 diebus
895 337 1088 386 effundam
1125 339 1168 374 de
1205 338 1347 385 spiritu
1385 350 1461 374 meo
1502 343 1620 386 super

211 419 340 443 seruos
380 410 416 441 et
452 405 613 441 ancillas
655 416 765 440 meas.
826 403 1012 441 dominus
1052 411 1209 441 autem:
1247 404 1397 451 accipite
1435 404 1618 452 spiritum

212 476 382 508 sanctum
398 483 412 513 ;
439 482 600 518 quorum
622 469 844 506 remiseritis
863 475 1029 517 peccata,
1055 474 1170 506 erunt
1186 470 1343 506 remissa
1360 484 1374 514 ;
1403 474 1439 506 et
1454 481 1616 518 quorum

213 533 456 577 retinueritis,
496 536 609 568 erunt
654 536 809 568 relenta.
888 531 994 568 hunc
1040 538 1173 569 autem
1214 530 1390 580 spiritum
1435 538 1616 569 sanctum

213 598 400 636 dominus
435 597 615 636 Christus
648 598 770 634 modo
797 597 1035 645 paraclitum
1069 598 1251 646 appellat,
1284 597 1405 634 modo
1435 597 1617 645 spiritum

214 665 389 701 ueritatis
409 676 494 700 esse
514 660 754 711 pronuntiat.
814 661 881 710 qui
909 675 989 699 non
1017 669 1075 700 est
1096 661 1136 699 in
1157 661 1362 711 euangelio
1383 674 1522 707 nouus,
1545 661 1616 699 sed

214 742 288 767 nec
308 742 413 767 noue
434 729 559 766 datus.
610 740 702 764 nam
724 726 787 764 hic
808 726 892 776 ipse
913 734 950 764 et
971 726 1011 764 in
1027 727 1228 776 prophetis
1250 728 1441 776 populum
1461 738 1619 764 accusa·

214 793 282 840 uit,
319 802 357 832 et
389 793 428 830 in
467 792 656 841 apostolis
694 791 1001 829 aduocationem
1034 791 1217 841 gentibus
1251 790 1452 840 praestitit.
1524 803 1618 828 nam

213 858 268 897 illi
288 866 331 897 ut
351 865 628 896 accusarentur
656 857 919 903 merebantur,
942 856 1034 905 quia
1054 863 1373 905 contempserant
1397 857 1522 905 legem
1542 869 1550 892 :
1579 863 1621 893 et

214 923 283 974 qui
321 937 368 962 ex
405 922 588 972 gentibus
628 922 806 969 credunt,
849 929 890 959 ut
929 920 1149 971 patrocinio
1188 920 1343 970 spiritus
1381 920 1621 958 adiuuentur

216 997 424 1035 merentur,
471 987 564 1037 quia
607 988 657 1025 ad
706 986 975 1037 euangelicam
1021 985 1225 1036 peruenire
1263 985 1435 1035 gestiunt
1478 987 1619 1035 legem.

216 1054 436 1093 differentia
468 1066 562 1091 sane
591 1052 631 1090 in
658 1052 725 1090 illo
751 1065 894 1102 genera
922 1051 1151 1096 officiorum,
1184 1051 1372 1100 quoniam
1399 1050 1438 1088 in
1470 1058 1621 1100 tempo-

215 1120 321 1158 ribus
342 1119 526 1158 differens
547 1118 644 1156 ratio
661 1131 865 1156 causarum
886 1133 892 1155 :
926 1130 998 1154 nec
1014 1130 1060 1155 ex
1076 1117 1152 1154 hoc
1169 1124 1301 1154 tamen
1323 1115 1406 1166 ipse
1426 1115 1618 1163 diuersus,

216 1182 284 1233 qui
313 1184 410 1220 haec
439 1181 493 1219 sic
520 1180 627 1230 gerit,
660 1193 733 1218 nec
760 1181 856 1218 alter
884 1187 952 1225 est,
976 1180 1072 1217 dum
1098 1178 1153 1217 sic
1174 1178 1262 1228 agit,
1285 1180 1354 1216 sed
1376 1191 1477 1216 unus
1501 1185 1622 1227 atque

216 1247 300 1297 ipse
321 1255 390 1293 est,
413 1246 597 1284 diuidens
622 1245 750 1283 officia
777 1258 846 1282 sua
873 1258 942 1294 per
969 1252 1146 1294 tempora
1171 1252 1208 1282 et
1235 1258 1362 1282 rerum
1390 1243 1621 1282 occasiones

216 1321 335 1362 atque
362 1320 575 1350 momenta.
634 1310 808 1359 denique
837 1312 1039 1359 apostolus
1071 1312 1239 1348 Paulus:
1267 1310 1449 1354 habentes,
1479 1308 1618 1358 inquit,

216 1380 371 1416 eundem
418 1379 612 1427 spiritum,
660 1377 757 1413 sicut
796 1377 977 1424 scriplum
1020 1381 1074 1412 est
1088 1390 1099 1412 .·
1141 1376 1291 1421 credidi,
1322 1379 1486 1424 propter
1524 1375 1628 1423 quod

217 1443 361 1480 locutus
394 1454 488 1488 sum,
535 1445 569 1477 et
605 1452 670 1476 7205
707 1440 902 1485 credimus,
939 1439 1016 1476 ideo
1050 1440 1252 1487 loquimur.
1312 1450 1414 1475 unus
1453 1450 1544 1487 ergo
1583 1444 1622 1475 et

217 1507 323 1546 idern
354 1506 522 1556 spiritus,
546 1505 613 1555 qui
643 1504 682 1542 in
713 1503 916 1555 prophetis
943 1512 981 1542 et
1005 1503 1220 1554 apostolis3
1250 1503 1323 1541 nisi
1351 1501 1538 1552 quoniam
1567 1501 1622 1540 ibi

217 1574 267 1611 ad
302 1580 562 1618 momentum,
594 1571 659 1609 hic
690 1583 854 1620 semper.
915 1578 1089 1609 ceterum
1120 1569 1184 1616 ibi,
1218 1583 1297 1608 non
1329 1577 1370 1606 ut
1399 1581 1553 1617 semper
1582 1567 1622 1605 in

306 1685 325 1710 4
351 1681 462 1701 seruos
466 1670 552 1712 sbi-t.
572 1670 755 1700 adiendum
773 1680 873 1700 meos.

266 1771 290 1791 1.
340 1759 530 1797 redditum]
563 1759 656 1798 ‘duly
684 1757 885 1788 bestowed-³:

218 1803 272 1834 the
289 1803 379 1833 word
402 1802 555 1843 properly
574 1802 711 1832 denotes
734 1801 787 1832 the
810 1812 886 1842 pay-

219 1852 307 1877 ment
333 1845 369 1876 of
389 1856 407 1876 a
431 1846 508 1876 debt
536 1855 572 1875 or
595 1845 670 1875 due.

265 1901 293 1930 3.
340 1889 414 1930 Joel
434 1889 454 1919 ii
473 1900 522 1929 29.

264 1947 292 1972 4.
337 1933 390 1973 Jo.
424 1943 465 1962 xx
496 1942 544 1969 22,
577 1941 614 1970 23
644 1931 741 1972 Vulg.
780 1931 886 1961 remis-

218 1981 342 2007 tnnlur
363 1976 419 2006 eis.
429 2002 432 2006 .
442 1980 577 2005 ,relenta
600 1980 690 2005 sunt.

268 2029 294 2059 7.
340 2018 533 2060 J0.xiv16‚
557 2028 604 2058 17.

263 2065 293 2095 8.
341 2064 401 2093 sed
421 2070 483 2092 nec
502 2070 591 2092 noue
614 2061 734 2099 datus]
762 2063 838 2091 ‘nor
862 2061 888 2091 is

220 2108 311 2138 there
342 2106 502 2146 anything
539 2116 611 2136 new
643 2115 725 2135 even
762 2105 794 2134 in
833 2104 889 2135 the

220 2151 318 2181 mode
331 2149 368 2179 of
384 2149 446 2179 His
463 2147 645 2179 bestowal?
679 2148 751 2179 The
766 2147 888 2178 ‘differ-

221 2193 330 2225 ences'
346 2192 533 2223 mentioned
552 2192 660 2222 below
673 2202 727 2222 are
741 2202 759 2221 a
772 2196 891 2222 matter

222 2237 259 2267 of
271 2238 390 2277 degree
407 2236 470 2266 and
488 2242 545 2266 not
563 2235 599 2266 os
612 2235 702 2265 kind.

265 2291 295 2322 9.
354 2281 522 2316 populum
553 2278 749 2316 accusauit]
807 2278 890 2309 This

222 2334 326 2354 seems
358 2334 376 2352 a
404 2322 567 2362 curionsly
595 2322 720 2352 limited
750 2321 832 2352 view
857 2320 894 2351 of

223 2368 278 2398 the
286 2367 377 2396 work
389 2366 486 2396 ofthe
497 2366 597 2406 Spirit
607 2366 639 2395 in
648 2365 702 2395 the
714 2365 888 2406 prophets;

222 2411 288 2441 and
305 2409 423 2440 indeed
443 2409 484 2439 N.
506 2410 621 2439 dwells
645 2409 823 2439 elsewhere
847 2418 889 2438 on

224 2454 279 2485 the
306 2452 485 2494 perversity
510 2452 546 2482 of
568 2452 623 2482 the
645 2452 745 2492 Jews,
771 2452 889 2482 almost

224 2505 258 2528 to
280 2507 391 2528 exccss
414 2498 478 2536 (cp.
496 2496 532 2526 dc
555 2496 648 2525 Τνιίι.
672 2506 724 2536 pp.
746 2504 794 2533 71-
815 2496 886 2533 5—S‚

987 1680 1020 1709 15
1046 1669 1194 1700 diuersus
1211 1681 1229 1698 α
1246 1681 1252 1699 :
1276 1668 1434 1699 diuiditur
1450 1679 1473 1706 ’γ
1488 1668 1530 1698 al.

959 1767 1076 1797 ²317,
1091 1759 1141 1797 48.
1161 1760 1213 1789 18:
1239 1759 1275 1788 de
1291 1758 1359 1789 Cib.
1374 1758 1449 1788 lud.
1464 1757 1472 1788 i
1489 1757 1622 1798 adfin.:

956 1802 1026 1831 also
1043 1801 1098 1831 the
1115 1801 1246 1832 treatise
1262 1802 1339 1831 adn.
1358 1800 1518 1841 ludaeos).
1558 1801 1622 1832 But

957 1844 1008 1874 his
1024 1845 1145 1885 special
1159 1855 1300 1885 purpose
1313 1845 1388 1875 here
1402 1854 1467 1874 was
1480 1848 1514 1874 to
1526 1844 1623 1885 bring

957 1894 1024 1925 out,
1048 1899 1083 1918 as
1103 1888 1230 1929 against
1247 1888 1302 1918 the
1326 1887 1549 1923 Marcionites,
1567 1887 1624 1918 the

958 1931 1049 1971 unity
1065 1931 1130 1962 and
1147 1931 1352 1971 consistency
1369 1930 1406 1961 of
1421 1931 1476 1961 the
1494 1930 1624 1972 Spirit’s

957 1974 1066 2004 action
1105 1975 1208 2005 under
1246 1975 1301 2005 the
1336 1980 1402 2004 two
1433 1979 1621 2005 covenants.

960 2017 1074 2049 Under
1096 2018 1152 2048 the
1173 2018 1240 2055 old,
1266 2018 1319 2048 He
1343 2017 1408 2048 had
1431 2017 1623 2048 threatened

959 2067 992 2091 to
1009 2060 1138 2092 forsake
1151 2061 1207 2092 the
1221 2061 1310 2102 Jews
1325 2072 1330 2091 t
1355 2061 1458 2091 under
1470 2060 1526 2092 the
1537 2071 1622 2097 new,

960 2105 1015 2135 He
1030 2104 1168 2135 fulfilled
1186 2105 1241 2135 the
1258 2105 1375 2135 threat.

1006 2159 1053 2188 ¹4·
1099 2149 1137 2178 in
1153 2148 1228 2186 ino]
1251 2148 1302 2178 ‘in
1319 2147 1424 2178 Him.’
1461 2148 1624 2186 Quoniam

960 2192 995 2221 in
1012 2192 1204 2231 temporibus
1219 2197 1280 2222 etc.
1301 2193 1308 2206 ‘
1321 2191 1410 2222 since
1423 2191 1503 2221 with
1515 2190 1622 2221 differ-

958 2245 1037 2265 ence
1054 2235 1089 2265 of
1104 2235 1198 2265 times
1215 2235 1385 2265 occasions
1402 2233 1519 2265 difser.’
1552 2235 1626 2265 The

958 2278 1120 2319 language
1137 2289 1275 2319 appears
1288 2283 1321 2308 to
1337 2278 1378 2308 be
1391 2277 1565 2318 suggested
1582 2278 1626 2318 by

963 2331 973 2351 1
995 2321 1070 2352 Cor.
1092 2321 1135 2352 xii
1152 2335 1182 2361 4.

1007 2366 1054 2395 18.
1101 2367 1271 2395 habentes
1289 2365 1366 2402 cet.]
1403 2376 1418 2395 2
1434 2364 1509 2395 Cor.
1527 2364 1559 2394 iv
1577 2375 1625 2404 ¹3·

1005 2418 1053 2438 21.
1100 2409 1163 2446 ibi]
1188 2419 1231 2439 sc.
1254 2409 1304 2438 ‘in
1324 2408 1535 2448 Prophetis’:
1561 2408 1622 2446 llic,

964 2451 1014 2481 ‘in
1032 2450 1226 2492 Apostolis.'
