1727 2734
128 128 301 167 XXVIII]
540 129 612 159 DE

648 128 854 159 TRINJTA
865 128 928 159 TE
960 128 1113 160 LIBER

1455 129 1529 169 103

127 230 230 255 meus
247 218 377 265 dz'lzget
394 217 514 262 illum,
537 222 573 253 et
589 219 645 254 ad
663 230 745 254 eum
766 217 966 262 recusemus,
988 222 1023 253 el
1041 217 1273 254 mansionem
1297 219 1404 265 apud
1420 220 1532 256 illum

114 281 310 329 faciemus.

381 295 453 320 nec
488 295 568 319 non
604 281 720 320 etiam
758 281 934 320 subdidit
969 282 1066 320 illud
1101 295 1285 332 quoque:
1325 285 1532 322 aduocatos

126 352 251 384 aufem
282 348 346 384 ille
374 347 535 395 spiritus
566 352 728 394 sanctus,
763 360 867 396 quem
901 348 1088 384 missurus
1125 353 1179 384 est
1201 354 1328 395 pater,
1365 350 1428 386 ille
1466 363 1533 386 uos

127 412 264 449 docebit
289 417 323 448 et
349 412 651 449 commemorabit
682 413 809 449 omnia
838 425 1086 461 quaecumque
1115 413 1258 450 dixero.

1319 415 1531 463 praemittit

126 477 258 514 adhuc
292 476 410 514 istum
445 478 590 522 locum,
624 490 703 526 quo
738 479 921 516 ostendat
955 491 997 516 se
1031 490 1116 515 esse
1152 477 1286 522 filium,
1319 486 1356 517 et
1392 480 1531 518 merito
1552 491 1570 528 5

127 541 314 587 subdidit,
355 549 393 579 et
433 541 550 580 dicit:

599 543 636 579 si
672 555 727 579 me
759 542 970 589 dilzgeretis,
1006 543 1234 590 gauderetis,
1275 544 1367 590 quia
1405 557 1444 581 eo
1481 545 1536 581 ad

116 612 270 655 patrem
289 621 300 643 :
336 608 428 655 quia
454 612 572 655 pater
604 608 730 644 maior
766 621 821 644 me
858 613 920 645 est.

989 607 1085 657 quid
1119 615 1251 646 autem
1287 622 1377 646 curn
1412 610 1529 648 etiam

126 671 191 709 illa
211 671 431 710 subnectit:
462 685 524 719 ego
548 685 632 709 sum
659 672 752 709 m'n's
778 685 880 716 uera,
903 677 936 708 et
951 678 1068 720 pater
1086 685 1187 709 meus
1207 674 1398 720 agricola:
1425 688 1532 712 omne

124 743 359 774 sarmentum
380 739 419 774 in
441 750 497 774 me
514 750 586 774 non
607 737 766 786 affi'rem
773 737 949 785 fructum
971 738 1071 775 tollit
1089 738 1195 784 illud,
1219 743 1254 774 et
1271 751 1377 776 omne
1391 739 1531 787 fructi-

112 805 246 853 ferum
270 810 431 853 purgat,
464 810 507 841 ut
526 805 702 853 fructum
733 805 952 853 ampliorem
976 805 1088 852 ferat
1102 807 1118 842 ?
1174 805 1293 844 instat
1326 807 1458 844 adhuc
1492 816 1530 845 et
1558 822 1600 845 10

124 869 245 908 adicit
265 883 271 906 :
301 871 398 907 sicut
421 870 559 906 dilexit
582 883 638 906 me
654 875 781 917 pater,
804 874 839 907 el
859 883 920 918 ego
946 871 1069 907 dilexi
1092 883 1182 909 llos:
1212 876 1358 907 manete
1384 872 1423 908 in
1450 885 1529 909 mea

124 935 286 971 caritate
297 950 311 977 ,·
348 935 385 972 si
411 935 595 971 mandata
628 947 708 970 mea
737 935 994 980 seruaueffffis,
1028 936 1224 972 manebilis
1254 936 1293 972 in
1324 949 1405 973 mea
1435 938 1531 974 cari-

125 1004 212 1043 tate,
234 999 331 1036 sicut
352 1012 413 1047 ego
431 999 565 1046 patris
590 1000 775 1034 mandata
802 999 968 1044 seruam}
991 1004 1025 1035 el
1050 1012 1179 1035 maneo
1199 1000 1238 1036 in
1261 1000 1340 1036 eius
1358 1001 1527 1038 caritate.

124 1064 257 1101 adhuc
291 1062 440 1113 ingerit,
476 1070 514 1100 et
553 1062 670 1100 dicit:
709 1063 798 1099 dexi
832 1068 955 1100 autem
996 1077 1062 1101 uos
1099 1066 1246 1111 amicos,
1277 1065 1368 1112 quia
1402 1067 1530 1102 omnia

124 1142 222 1177 quae
241 1129 385 1165 audiui
404 1142 427 1165 a
442 1134 561 1177 patre
585 1141 672 1175 meo,
696 1134 784 1165 nola
811 1130 915 1166 uobis
929 1129 1014 1177 feci.

1077 1138 1259 1179 aggregat
1287 1130 1403 1168 etiam
1430 1132 1529 1169 hoc:
1555 1144 1599 1180 ¹5

123 1193 188 1230 sed
203 1194 292 1230 haec
308 1194 437 1230 omnia
451 1193 602 1241 facient
621 1193 724 1229 uobis
739 1198 902 1241 propter
925 1206 1058 1230 nomen
1084 1207 1216 1239 meum,
1239 1195 1331 1242 quia
1353 1195 1533 1243 agnorant

123 1273 206 1297 eum
226 1259 298 1308 qui
314 1273 369 1296 me
389 1259 501 1296 misit.

206 1326 320 1362 Haec
350 1337 441 1374 ergo
469 1336 687 1373 numquam
715 1331 803 1373 post
824 1323 889 1361 illa
916 1323 1121 1362 euidenter
1140 1324 1250 1362 illurn
1278 1338 1357 1363 non
1380 1334 1530 1376 patrem

124 1391 194 1428 sed
225 1389 346 1427 filium
388 1402 472 1427 esse
512 1388 695 1427 testantia
734 1388 921 1426 dominus
951 1389 1203 1436 subdidisset,
1236 1390 1267 1428 si
1290 1399 1357 1428 aut
1381 1399 1530 1441 patrem

124 1468 166 1493 se
195 1468 281 1493 esse
312 1454 566 1500 meminisset,
593 1461 659 1491 aut
689 1462 839 1503 patrem
872 1467 911 1491 se
942 1455 1060 1492 uellet
1090 1454 1272 1504 intellegi.

1335 1455 1407 1494 nisi
1438 1469 1533 1506 quo·
1554 1470 1604 1493 20

126 1519 231 1557 niam
260 1526 301 1557 ut
328 1519 424 1557 illud
452 1518 695 1568 exprimeret,
728 1518 891 1568 perinde
923 1532 1249 1569 unumquemque
1278 1520 1355 1558 iam
1387 1522 1533 1560 habere

125 1585 281 1631 debere,
317 1586 410 1623 dum
444 1584 656 1634 imaginem
692 1584 755 1622 dei
790 1584 908 1634 patris
943 1598 1011 1634 per
1043 1585 1164 1623 filium
1201 1586 1320 1633 uidet,
1352 1595 1471 1638 atque
1501 1588 1531 1626 si

124 1650 266 1689 uiderit
288 1649 821 1700 patrem—quandoquidem
846 1650 1118 1699 unusquisque
1145 1652 1311 1690 credens
1340 1652 1379 1690 in
1407 1652 1531 1691 filiurn

125 1723 350 1754 exerceatur
370 1714 408 1752 in
429 1714 608 1764 imaginis
630 1714 976 1764 contemplatione,
1001 1723 1043 1752 ut
1063 1717 1305 1755 assuefactus
1321 1719 1372 1756 ad
1393 1718 1533 1756 diuini-

125 1788 245 1818 tatem
276 1779 491 1818 uidendam
517 1779 685 1829 imagine
707 1780 896 1829 proficere
918 1780 1041 1830 possit
1071 1788 1109 1818 et
1131 1794 1305 1820 crescere
1330 1795 1455 1832 usque
1480 1785 1532 1822 ad
1554 1792 1599 1830 25

194 1891 206 1911 1
217 1891 227 1911 1
253 1881 351 1912 uerba
368 1886 498 1911 manete
515 1880 548 1910 in
566 1880 753 1911 mea...eius
769 1881 905 1912 caritate
925 1882 969 1912 Pa
985 1892 1025 1912 cx
1040 1893 1069 1912 α.

125 1945 272 1966 crescere
290 1935 335 1965 Pa
352 1945 391 1965 ear
407 1945 436 1964 α.

170 2030 197 2061 6.
249 2030 289 2059 ib.
307 2030 356 2060 28.

170 2074 199 2104 8.
248 2074 297 2113 Jo.
316 2083 359 2102 xv
380 2083 406 2110 r,
434 2083 460 2109 2,
486 2072 594 2102 where
619 2071 718 2112 Vulg.
735 2072 794 2102 has

128 2121 278 2147 ‘omnem
315 2115 603 2156 palmitem...non
637 2115 792 2146 ferentem

127 2161 279 2196 fructum,
299 2159 391 2189 tollet
413 2169 507 2195 eurn;
531 2166 560 2189 et
584 2169 716 2189 omnem
739 2158 794 2199 qui

128 2204 187 2235 fert
207 2203 358 2237 fructum,
377 2202 529 2243 purgabit
551 2212 638 2239 eum,
659 2207 692 2232 ut
712 2201 793 2232 fruc-

128 2253 197 2278 tum
214 2247 286 2287 plus
305 2245 440 2276 afferat?

176 2301 222 2321 11.
270 2290 322 2330 Jo.
340 2300 382 2319 xv
399 2298 429 2330 9,
454 2299 490 2319 10
506 2288 605 2329 Vulg.
628 2289 677 2319 ‘in
695 2288 793 2319 dilec-

129 2335 218 2365 tione
239 2331 556 2373 mea...praecepta.’

175 2387 223 2411 11,
246 2387 294 2415 14,
315 2386 363 2414 15.
399 2376 797 2412 adicit...ingerit...ag-

127 2420 268 2458 gregat]
295 2419 366 2449 The
383 2419 540 2449 evidence
554 2419 579 2448 is
596 2419 795 2449 cumulative

130 2475 168 2495 or
184 2463 398 2504 progressive.

178 2505 294 2545 14,16.
342 2506 395 2546 Jo.
417 2516 459 2536 xv
482 2514 527 2545 15,
550 2516 600 2536 21.

1210 1892 1247 1922 ²5
1273 1882 1431 1924 proficere
1448 1894 1478 1925 p.
1500 1890 1532 1915 et

912 2040 960 2061 20.
1007 2032 1076 2060 nisi
1090 2033 1255 2066 quonjam
1268 2032 1331 2072 sq]
1360 2032 1444 2063 ‘His
1455 2033 1533 2074 only

864 2083 1006 2113 purpose
1030 2084 1096 2103 was
1121 2079 1154 2104 to
1183 2085 1314 2114 express
1341 2075 1412 2106 that
1435 2086 1533 2117 every

864 2127 939 2146 man
968 2117 1085 2147 should
1117 2117 1309 2148 henceforth
1341 2125 1477 2150 account
1507 2120 1531 2150 it

864 2159 919 2190 the
939 2171 1027 2190 same
1053 2160 1147 2200 thing
1171 2167 1203 2191 to
1228 2172 1281 2192 see
1303 2162 1358 2192 the
1375 2162 1482 2204 image
1499 2163 1536 2194 of

865 2203 939 2233 God
969 2203 1023 2233 the
1055 2204 1175 2234 Father
1200 2205 1341 2245 through
1370 2206 1425 2237 the
1451 2206 1530 2242 Son,

864 2257 898 2276 as
923 2252 956 2276 to
979 2247 1063 2277 have
1087 2257 1163 2278 seen
1188 2247 1242 2278 the
1267 2248 1411 2279 Father.'

910 2300 959 2328 25·
1005 2291 1173 2329 imagine]
1211 2291 1415 2332 adverbially
1452 2293 1530 2334 ‘by’

865 2343 901 2363 or
926 2333 977 2363 ‘in
1004 2334 1058 2364 the
1082 2334 1214 2374 image.'
1275 2335 1346 2366 The
1370 2335 1532 2367 influence

866 2376 903 2406 of
927 2376 1076 2407 Platonic
1104 2378 1256 2418 teaching
1282 2378 1307 2408 is
1332 2380 1531 2410 unmistake-

866 2419 940 2450 able
962 2420 994 2450 in
1019 2420 1096 2450 such
1122 2431 1296 2462 passages:
1322 2432 1386 2463 eg.
1409 2424 1531 2463 lx'epub.

869 2463 929 2502 516
943 2472 964 2493 Α
986 2464 1146 2500 ξυνηθείας
1169 2464 1205 2501 δὴ
1228 2463 1323 2494 δέοιτ’
1343 2464 1390 2501 ἂν,
1410 2468 1436 2495 εἰ
1458 2467 1532 2502 μέλ-

867 2507 917 2536 λοι
950 2507 989 2537 τὰ
1022 2508 1084 2537 ἄνω
1118 2506 1267 2547 ὄψεσθαι,
1297 2509 1351 2540 the
1387 2510 1534 2550 prisoner
