1727 2734
91 184 170 223 XV]
498 183 569 214 DE
606 182 812 213 TRlNlTA
823 181 886 212 TE
918 181 1074 211 LIBER
1443 175 1487 216 51

90 280 178 326 deo,
198 280 294 318 dum
316 278 382 329 qui
404 279 594 328 processit
612 290 752 322 sermo,
771 278 869 315 deus
891 283 949 314 est
970 275 1037 325 qui
1059 274 1250 325 processit
1271 288 1317 312 ex
1334 274 1421 312 deo.
1465 273 1494 311 si

91 345 214 382 homo
230 345 509 382 tantummodo
527 342 718 389 Christus⁷
738 342 945 392 quomodo
961 341 1031 378 ait:
1053 342 1089 378 si
1101 342 1187 388 quis
1203 341 1358 377 uerbum
1377 352 1501 376 meum

89 409 314 453 seruauerz't,
331 412 484 444 mortem
502 421 574 445 non
593 408 736 444 uidebit
749 408 788 444 in
803 407 1020 443 aeternum?
1053 412 1221 443 mortem
1238 403 1277 441 in
1294 411 1497 442 aeternum

91 483 172 507 non
200 470 346 517 uidere,
369 470 466 519 quid
493 469 601 508 aliud
628 483 747 519 quam
779 468 1051 506 immortalitas
1081 469 1167 506 est?
1224 465 1498 504 immortalitas

91 542 224 572 autem
255 534 453 572 diuinitati
481 534 588 572 socia
616 543 684 580 est,
712 534 804 584 quia
831 541 869 572 et
896 532 1083 572 diuinitas
1110 531 1341 569 immortalis
1369 539 1437 578 est,
1461 539 1498 569 et
1520 538 1538 576 5

91 597 366 636 immortalitas
401 597 621 636 diuinitatis
656 599 803 636 fructus
838 604 906 636 est.
967 597 1037 635 sed
1071 595 1177 634 enim
1213 595 1342 634 omnis
1377 596 1499 633 homo

92 662 266 700 mortalis
293 670 351 701 est
365 677 375 710 3
410 662 683 700 immortalitas
709 670 842 701 autem
870 676 917 700 ex
944 660 1098 700 mortali
1128 673 1210 699 non
1240 667 1370 710 potest
1401 673 1498 699 esse.

92 741 184 777 ergo
205 742 252 766 ex
274 728 434 766 Christo
455 727 619 766 homine
646 727 801 766 mortali
828 725 1100 764 immortalitas
1123 738 1202 763 non
1227 732 1356 776 potest
1378 724 1500 762 nasci.

91 792 161 829 sed
181 793 250 839 qui
268 792 423 828 uerbum
442 791 668 838 custodierit,
693 790 832 840 inquit,
856 803 987 836 meum,
1011 795 1165 826 mertem
1192 801 1265 826 non
1295 788 1434 825 uidebit
1459 788 1500 825 ln

90 862 297 894 aeternum.
358 870 450 906 ergo
488 857 655 895 uerbum
692 855 839 896 Christi
873 862 1043 905 praestat
1078 854 1425 902 immortalitatem,
1462 863 1570 897 etro

92 935 162 972 per
182 922 516 961 immortalitatem
548 930 719 973 praestat
746 921 1007 961 diuinitatem.
1067 922 1176 970 quod
1204 921 1234 959 si
1263 934 1342 959 non
1371 929 1500 972 potest

92 986 275 1025 exhibere
314 994 356 1024 ut
394 987 658 1026 immortalem
703 989 870 1025 alterum
916 986 1031 1024 faciat
1069 985 1153 1036 ipse
1197 986 1381 1033 mortalis,
1423 987 1500 1025 hoc

92 1060 223 1090 autem
256 1051 403 1091 Christi
433 1053 599 1090 uerbum
630 1053 789 1091 exhibet
820 1052 963 1102 pariter
996 1059 1034 1090 et
1066 1059 1236 1101 praestat
1270 1051 1501 1090 immortali-

92 1124 226 1163 tatem,
271 1129 352 1154 non
392 1117 528 1167 utique
567 1119 689 1156 homo
728 1126 882 1156 tantum
921 1125 990 1162 est,
1029 1117 1094 1167 qui
1135 1124 1305 1167 praestat
1343 1116 1499 1155 immor-

91 1182 293 1225 talitatem,
335 1195 466 1232 quam,
505 1184 535 1220 si
570 1184 851 1221 tantummodo
885 1184 1008 1221 homo
1044 1190 1157 1229 esset,
1190 1190 1386 1232 praestare
1416 1195 1496 1220 non
1524 1195 1567 1232 15

90 1254 234 1296 posset.
295 1247 533 1296 praestando
578 1255 710 1285 autem
754 1246 1003 1285 diuinitatem
1043 1259 1112 1296 per
1150 1245 1496 1293 immortalitatem,

90 1313 211 1350 deum
232 1325 273 1350 se
297 1312 437 1362 probat
458 1312 707 1350 diuinitatem
731 1311 979 1362 porrigendo,
1004 1324 1134 1361 quam,
1159 1311 1232 1349 nisi
1259 1312 1357 1349 deus
1384 1319 1498 1357 esset,

90 1384 286 1426 praestare
307 1389 388 1414 non
410 1385 553 1426 posset.

174 1441 213 1480 Si
257 1442 379 1478 homo
418 1442 699 1479 tantummodo
742 1441 933 1487 Christus,
967 1441 1174 1490 quomodo
1212 1440 1362 1490 inquit:
1411 1447 1498 1478 aule

93 1507 295 1544 Abraham
327 1519 385 1554 ego
416 1507 529 1543 sum?
586 1519 706 1545 nemo
736 1506 842 1544 enim
873 1506 1082 1544 hominum
1117 1514 1208 1543 ante
1241 1519 1330 1543 eum
1367 1513 1497 1555 potest
1520 1519 1568 1544 20

91 1585 176 1611 esse
211 1585 258 1609 ex
292 1584 372 1620 quo
407 1570 490 1620 ipse
530 1578 612 1618 est3
656 1583 729 1609 nec
767 1578 897 1620 potest
940 1569 1022 1607 fieri
1062 1578 1104 1607 ut
1143 1569 1356 1619 quicquam
1392 1569 1496 1619 prius

157 1676 191 1696 ‘21
220 1665 549 1706 quicquam...ipsum
574 1677 614 1704 ’γε
646 1666 979 1707 quidquam...ipsam
1007 1666 1084 1696 Pa.:
1112 1666 1285 1706 quisquam
1312 1665 1363 1704 [ut
1383 1666 1493 1707 Ja.]...

91 1721 160 1761 ipse
179 1720 284 1760 Mign.

134 1826 160 1845 η.
207 1815 297 1856 John
314 1815 370 1845 viii
388 1826 437 1855 51.

131 1872 160 1898 4.
208 1860 458 1889 immortalitas
485 1860 619 1897 autem]
646 1859 752 1890 Wisd.

87 1902 119 1932 vi
146 1912 186 1932 ἰο
214 1902 430 1942 ‘incorruptio
454 1908 562 1933 autem
588 1902 664 1933 facit
687 1913 755 1934 esse

88 1945 274 1986 proximum
300 1945 396 1975 De0.'
444 1946 506 1977 See
528 1946 656 1976 Introd.
681 1947 698 1984 ξ
722 1946 751 1983 6,

88 2000 120 2029 p.
138 1989 194 2018 lw.

135 2042 182 2063 10.
248 2034 285 2061 et
340 2040 403 2066 per
450 2033 757 2063 immortalitatem

85 2077 247 2112 praestat
274 2076 512 2113 diuinitatem]
547 2086 591 2106 sc.
621 2082 653 2105 to
681 2087 755 2106 men

87 2119 152 2148 His
175 2117 339 2148 brethren.
389 2118 511 2158 Owing
538 2125 571 2149 to
595 2119 650 2149 the
673 2119 754 2149 diffi-

86 2163 175 2202 culty
212 2160 249 2192 of
291 2161 345 2191 the
392 2162 510 2196 words,
559 2162 755 2193 KVelchman

86 2205 211 2235 wished
225 2210 258 2235 to
272 2204 376 2235 invert
391 2205 479 2235 them
498 2206 586 2246 (‘per
602 2205 753 2236 diuinita-

85 2254 151 2279 tem
179 2253 323 2289 praestat
353 2248 657 2289 immortalitatem')
689 2249 753 2279 and

84 2292 243 2332 similarly
255 2291 372 2329 below,
393 2292 606 2332 ‘praestando
622 2292 753 2322 immor-

84 2335 245 2366 talitatem
276 2346 333 2376 per
363 2335 583 2372 diuinitatem,
622 2336 752 2366 immor-

85 2379 245 2409 talitatem
261 2378 484 2420 porrigendc).’
511 2379 573 2409 But
591 2379 645 2409 the
659 2378 753 2409 effect

84 2422 194 2453 would
234 2423 274 2453 be
309 2432 398 2452 mere
438 2422 618 2462 tautology.
681 2422 753 2453 The

84 2465 195 2496 writer
207 2466 286 2497 does
296 2472 353 2496 not
367 2465 497 2506 explain
508 2465 558 2496 his
571 2465 753 2496 somexvhat

82 2508 162 2539 bold
193 2509 392 2550 expression,
418 2508 525 2539 which
555 2519 570 2538 2
599 2509 667 2539 Pet.
699 2509 708 2538 i
733 2522 752 2548 4

83 2553 147 2582 and
183 2562 195 2582 1
218 2553 272 2593 Jo.
295 2552 329 2582 iii
355 2562 367 2583 1
404 2562 480 2593 may
506 2551 630 2592 justify.
679 2552 752 2583 The

826 1817 899 1847 idea
920 1817 946 1847 is
968 1817 1068 1856 really
1087 1817 1140 1847 the
1164 1817 1251 1847 basis
1273 1817 1311 1847 of
1330 1817 1495 1848 Christian

826 1860 1016 1900 mysticism.

873 1913 919 1944 19.
970 1906 1052 1934 ante
1082 1904 1271 1941 Abraham]
1310 1903 1409 1944 Vulg.
1439 1904 1492 1944 Jo.

826 1947 881 1976 viii
907 1948 946 1986 58
976 1949 1166 1987 ‘antequam
1192 1947 1234 1976 A.
1262 1946 1376 1977 fueret)
1422 1947 1494 1977 The

826 1995 893 2020 text
917 1990 997 2021 used
1021 1990 1064 2030 by
1089 1990 1133 2020 N.
1159 1990 1244 2020 loses
1271 1991 1318 2028 (as
1341 1990 1385 2020 do
1409 1990 1492 2022 Cod.

827 2033 942 2068 Bezae,
961 2033 1025 2063 and
1043 2033 1165 2064 certain
1185 2033 1284 2065 MSS.
1305 2033 1342 2063 of
1354 2033 1410 2064 the
1427 2033 1493 2064 Old

827 2076 936 2115 Latin)
955 2077 1010 2107 the
1031 2082 1175 2107 contrast
1197 2076 1346 2107 between
1362 2077 1491 2107 created

826 2120 890 2150 and
920 2120 1069 2150 absolute
1093 2119 1257 2150 existence
1283 2120 1311 2156 (I
1341 2119 1425 2159 AM)
1450 2121 1493 2160 by

826 2163 981 2203 omitting
998 2162 1128 2197 ‘fieret‚'
1146 2162 1255 2193 where
1276 2163 1331 2193 the
1348 2163 1418 2193 best
1437 2163 1491 2193 Gk

828 2206 928 2237 MSS.
950 2206 1033 2236 have
1050 2206 1212 2244 γενέσθαι.

869 2260 883 2280 2
893 2259 918 2279 1.
966 2249 1329 2287 quicquam...ipsum]
1345 2250 1467 2290 wrong]
1473 2261 1492 2290 y

824 2293 991 2323 corrected
1023 2293 1066 2332 by
1089 2293 1164 2322 edd.
1192 2297 1225 2322 to
1255 2293 1487 2333 ‘quisquam...

823 2336 917 2376 ipse‚'
934 2336 1042 2366 which
1060 2335 1169 2366 would
1181 2335 1280 2366 entail
1292 2346 1310 2365 a
1323 2336 1489 2376 meaning-

823 2379 885 2409 less
909 2379 1094 2420 repetition.
1141 2379 1213 2409 The
1235 2379 1345 2410 clause
1365 2380 1411 2416 (in
1435 2380 1490 2410 the

822 2424 948 2463 neuter)
976 2423 1068 2463 gives
1095 2433 1114 2452 a
1140 2422 1303 2452 universal
1330 2432 1429 2463 scope
1457 2429 1490 2453 to

822 2465 877 2496 the
901 2466 1053 2506 previous
1079 2465 1186 2496 clause
1214 2466 1259 2502 (in
1286 2465 1340 2496 the
1364 2476 1488 2496 mascu-

822 2508 919 2544 line):
944 2520 995 2550 cp.
1017 2509 1089 2539 Col.
1115 2509 1124 2539 i
1151 2518 1186 2548 17
1212 2508 1351 2548 (though
1372 2516 1429 2540 not
1453 2520 1491 2539 so

821 2552 933 2593 Vulg.)
960 2553 1032 2583 ‘He
1055 2552 1082 2583 is
1105 2551 1217 2583 before
1240 2551 1284 2582 all
1308 2552 1442 2593 things.'

1273 2632 1375 2664 4—2
