1727 2734
134 169 305 210 xl,xl1]

549 172 621 201 DE
656 171 863 202 TRJNH‘A
873 172 935 202 TE
966 171 1121 202 LIBER

1484 170 1537 210 39

133 265 246 303 suerit
276 272 535 315 assumptum,
573 267 799 315 perturbata
837 267 970 315 regula
1007 265 1192 312 ueritatis,
1230 265 1428 303 temeritas
1464 265 1534 303 ista

133 342 213 367 non
249 332 413 368 salutem
444 330 664 378 contulerit,
694 332 764 369 sed
794 331 833 368 in
863 331 990 369 uicem
1022 330 1157 369 salutis
1186 331 1237 369 dc
1266 330 1414 369 iactura
1444 333 1533 370 fidei

132 394 348 443 periculum
381 394 516 433 mortis
545 396 694 444 grande
724 395 965 433 conflauerit.

214 461 310 497 XII.

369 460 450 498 Cur
493 473 585 509 ergo
623 459 853 498 dubitemus
892 459 1034 507 dicere,
1076 461 1185 510 quod
1224 460 1415 510 scriptura
1454 474 1533 498 non

131 524 287 563 dubitat
316 525 560 574 exprimere?
594 538 662 563 cur
696 525 904 563 haesitabit
934 525 1025 564 fidei
1056 525 1209 572 ueritas,
1242 527 1281 564 in
1311 539 1391 575 quo
1421 527 1574 576 scrip-5

131 598 240 628 turae
270 603 488 640 numquam
518 589 727 628 haesitauit
755 590 996 628 auctoritas?

1057 604 1150 629 ecce
1180 591 1286 629 enirn
1317 592 1422 630 Osee
1452 605 1536 640 pro-

130 655 270 704 phetes
289 655 343 693 ait
363 669 410 693 ex
430 669 598 705 persona
618 655 761 705 patris:
789 657 867 692 iam
889 668 962 692 non
982 657 1140 694 salvabo
1158 669 1215 693 eos
1235 657 1274 694 in
1294 669 1397 702 arcu,
1422 670 1536 705 neque

131 722 172 758 in
201 723 314 769 equis,
344 735 460 771 neque
492 723 532 759 in
564 722 750 769 equitibus
763 735 778 765 ,·
818 722 884 758 sed
916 723 1075 759 salaabo
1112 735 1171 759 eos
1205 723 1247 759 in
1285 723 1439 760 domino
1472 724 1536 759 deo

131 787 311 836 ipsorum.

384 787 413 825 si
444 788 543 825 deus
571 788 721 825 saluare
752 799 793 825 se
823 786 918 825 dicit
948 786 987 824 in
1018 789 1106 834 deo,
1136 801 1217 826 non
1247 795 1380 826 autem
1411 789 1535 825 saluat

132 852 205 890 nisi
235 852 274 890 in
305 852 464 891 Christo
494 853 604 898 deus,
636 865 705 890 cur
733 864 825 901 ergo
854 853 976 890 homo
1003 852 1158 891 dubitet
1185 854 1387 893 Christum
1415 854 1533 891 deum
1560 869 1604 892 10

130 917 273 964 dicere,
291 931 409 967 quem
432 919 551 955 deum
573 930 595 954 a
615 925 725 966 patre
744 917 1023 955 animaduertit
1042 918 1214 968 positum
1236 931 1305 968 per
1325 918 1535 967 scripturas

131 984 245 1020 esse?
275 983 398 1019 immo
425 981 455 1019 si
484 995 564 1019 non
593 983 717 1019 saluat
741 981 815 1019 nisi
843 982 882 1019 in
907 983 984 1020 deo
1014 990 1123 1032 pater
1150 984 1259 1028 deus,
1283 983 1422 1021 saluari
1454 995 1533 1020 non

130 1046 273 1096 poterit
302 1060 325 1084 a
356 1047 433 1084 deo
465 1054 574 1096 patre
606 1046 828 1096 quisquam,
858 1046 931 1084 nisi
958 1049 1162 1086 confessus
1192 1048 1306 1086 fuerit
1333 1047 1532 1087 Christum

131 1112 262 1158 deum,
299 1111 339 1149 in
374 1125 454 1161 quo
488 1124 529 1149 se
563 1119 601 1149 et
635 1124 704 1160 per
738 1124 856 1161 quem
890 1125 930 1149 se
960 1112 1194 1161 repromittit
1229 1120 1339 1162 pater
1368 1114 1532 1150 salutem

130 1178 312 1215 daturum
330 1191 338 1224 ;
368 1185 410 1215 ut
432 1176 571 1215 merito
591 1176 769 1226 quisquis
790 1176 899 1214 illum
921 1177 1098 1227 agnoscit
1115 1191 1201 1216 esse
1217 1179 1348 1223 deum,
1367 1179 1533 1216 salutem
1560 1189 1600 1227 15

130 1241 306 1280 inueniat
328 1241 367 1279 in
389 1243 466 1280 deo
488 1241 648 1280 Christo
663 1256 672 1289 3
702 1241 880 1291 quisquis
907 1255 987 1280 non
1014 1242 1262 1292 recognoscit
1288 1255 1374 1281 esse
1399 1244 1531 1289 deum,

130 1308 295 1345 salutem
330 1306 555 1357 perdiderit,
596 1306 785 1356 quoniam
819 1306 912 1344 alibi
946 1306 1020 1344 nisi
1059 1307 1099 1344 in
1138 1307 1297 1346 Christo
1331 1309 1409 1346 deo
1446 1321 1532 1346 eam

130 1370 308 1410 inuenire
332 1384 412 1409 non
437 1370 589 1420 poterit.

213 1436 306 1484 Quo
350 1437 472 1473 modo
516 1435 622 1473 enim
669 1435 814 1473 Isaias:
862 1448 931 1473 ecce
975 1437 1084 1483 uirgo
1126 1437 1301 1485 concipiet
1339 1442 1376 1474 et
1402 1438 1537 1486 pariet

118 1502 266 1550 filium,
295 1506 329 1538 et
354 1502 533 1538 necabitis
559 1514 690 1538 nomen
717 1501 797 1538 eius
823 1502 1065 1548 Emmanuel,
1098 1503 1207 1551 quod
1236 1502 1534 1552 interpretatum
1557 1521 1604 1545 20

132 1574 190 1604 est
219 1567 406 1603 nobiscum
435 1567 535 1612 dens,
570 1565 625 1603 sic
661 1564 842 1604 Christus
873 1565 956 1614 ipse
989 1565 1106 1603 dicit:
1145 1579 1214 1603 ecce
1241 1580 1304 1615 ego
1348 1568 1534 1605 uobiscum

130 1645 215 1669 sum
253 1644 367 1680 usque
404 1632 459 1668 ad
492 1633 849 1669 consummationem
889 1632 1036 1669 saeculi.

202 1717 238 1750 16
262 1729 332 1749 esse
348 1718 447 1749 deum
464 1719 494 1748 G
514 1718 568 1748 Pa.
584 1730 590 1748 :
616 1724 647 1748 et
665 1718 761 1748 deum
780 1718 822 1748 al.

131 1787 154 1813 ’γ
180 1775 273 1805 We.:
298 1774 590 1815 quam...inuenire
616 1774 657 1804 G.
687 1773 742 1803 Pa.

131 1867 150 1887 a
174 1856 296 1887 serious
321 1855 401 1896 peril
426 1855 463 1885 of
483 1855 538 1886 the
563 1855 663 1886 death
692 1854 729 1885 of
746 1854 802 1885 the

131 1899 203 1931 soul
234 1899 318 1930 from
349 1899 405 1929 the
444 1899 509 1929 loss
546 1899 583 1929 of
609 1899 664 1929 the
696 1897 802 1928 faith.'

137 1943 309 1980 ‘Iactura‚⁷
342 1942 495 1983 properly
524 1942 579 1972 the
605 1942 740 1982 jettison
769 1941 807 1971 of

132 1996 242 2026 cargo,
278 1985 409 2026 implies
441 1996 460 2015 a
496 1985 614 2015 ‘wilsul
646 1985 712 2015 and
746 1985 801 2015 de-

133 2029 270 2060 liberate
294 2028 381 2059 loss?

177 2072 262 2102 XII.
311 2072 376 2102 Old
394 2072 578 2102 Testament
590 2071 745 2112 proofsof
753 2071 806 2101 tlte

138 2115 290 2146 Godlzead
317 2115 356 2156 of
385 2115 508 2145 Christ.
557 2115 628 2145 The
655 2116 746 2154 signs
773 2115 812 2154 os

135 2159 278 2198 healtng,
298 2158 332 2198 zf
345 2158 418 2198 [lizy
438 2159 476 2187 αἰ]
498 2163 553 2188 not
566 2163 667 2197 prove
693 2158 805 2188 Christ

134 2202 187 2233 tlte
206 2202 272 2232 Son
292 2201 331 2241 cys
344 2201 419 2239 Goa',
444 2205 532 2231 must
547 2207 649 2241 prove
671 2201 752 2231 Him
774 2205 804 2230 lo

135 2246 168 2276 be
181 2245 235 2275 tlte
251 2245 385 2275 Father.
432 2245 465 2274 lt
482 2245 509 2274 is
526 2244 650 2283 enough
661 2244 724 2284 sor
743 2255 806 2274 om*

129 2293 263 2330 present
272 2293 413 2328 purpose
428 2288 502 2318 tlzat
522 2288 594 2327 they
602 2293 704 2327 prove
722 2288 802 2317 Him

135 2337 166 2363 to
187 2332 220 2362 be
242 2331 318 2362 God.
372 2331 607 2371 Tsieproplzecy
621 2331 694 2360 that
719 2332 726 2344 ⁴
739 2330 808 2360 God

135 2375 225 2406 shall
236 2385 320 2405 come
329 2374 423 2414 from
445 2374 498 2404 tlte
514 2373 631 2404 Soutlz’
653 2384 713 2404 can
729 2374 805 2411 only

137 2418 222 2459 refer
236 2422 266 2448 to
288 2417 410 2452 Christ,
433 2418 503 2447 and
520 2416 556 2458 zs
568 2417 650 2448 these
671 2417 805 2447 heretics

136 2462 217 2499 deny
231 2461 306 2498 tlzis,
325 2461 400 2500 they
415 2465 510 2497 must,
530 2461 609 2490 with
631 2460 682 2490 llze
697 2460 803 2490 Sabel-

135 2505 234 2540 lians,
246 2504 386 2544 identify
398 2504 514 2535 Christ
524 2504 606 2534 wz'tlz
619 2504 672 2534 the
682 2503 808 2533 Fiztlzer

139 2548 211 2579 who
226 2552 345 2578 cannot
361 2547 394 2578 be
408 2547 538 2578 lz‘mz'ted
551 2546 588 2587 by
604 2552 701 2588 space.
734 2547 806 2577 But

1109 1640 1167 1670 est
1202 1645 1294 1682 ergo
1324 1633 1533 1671 nobiscum

1038 1729 1072 1759 17
1097 1719 1265 1760 quoniam.
1275 1731 1372 1751 ..eam
1389 1721 1535 1753 inuenire

867 1855 893 1884 it
915 1859 1004 1885 must
1019 1856 1117 1896 point
1138 1861 1167 1887 to
1190 1857 1256 1887 His
1277 1858 1364 1888 birth
1386 1863 1422 1889 at
1441 1859 1534 1889 Beth-

866 1898 975 1936 lehem,
1002 1899 1072 1929 and
1091 1899 1127 1929 in
1150 1900 1223 1930 tlmt
1242 1911 1310 1932 case
1330 1908 1446 1932 asserts
1471 1904 1536 1932 His

869 1942 1027 1972 Godllcad.
1082 1943 1125 1972 ln
1160 1944 1266 1974 either
1301 1956 1376 1984 case,
1423 1946 1537 1976 Christ

864 1990 985 2015 cannot
999 1985 1033 2015 be
1048 1996 1132 2016 mere
1148 1987 1247 2017 lllczn.

909 2027 940 2058 6.
990 2029 1075 2059 Hos.
1094 2029 1102 2059 i
1123 2040 1151 2068 7.

915 2081 962 2112 ¹3·
1001 2073 1070 2102 nisi
1083 2075 1261 2103 confessus
1274 2075 1439 2113 fuerit...]
1463 2076 1537 2106 The

866 2120 1037 2154 argument
1071 2115 1235 2146 advances
1270 2116 1347 2148 here
1374 2123 1436 2158 per
1471 2121 1534 2149 sal-

865 2162 948 2195 tum,
990 2158 1149 2199 although
1190 2159 1245 2189 the
1285 2161 1393 2191 writer
1431 2162 1536 2202 might

868 2200 951 2231 have
979 2201 1131 2241 supplied
1160 2202 1215 2233 the
1238 2203 1374 2244 missing
1397 2211 1469 2246 step
1494 2207 1535 2246 by

866 2243 1029 2274 reference
1047 2250 1080 2275 to
1099 2245 1196 2275 Rom.
1215 2257 1233 2276 x
1252 2256 1281 2286 9,
1310 2257 1321 2277 1
1339 2247 1427 2287 John
1446 2249 1477 2278 iv
1496 2260 1525 2289 3.

915 2298 962 2326 14.
1011 2289 1048 2317 in
1075 2296 1144 2324 quo
1170 2297 1207 2319 se
1230 2291 1266 2319 et
1289 2297 1353 2326 per
1375 2293 1536 2331 quemm]

867 2330 948 2360 This
965 2330 990 2360 is
1007 2341 1043 2361 so
1060 2331 1148 2362 osten
1165 2333 1309 2363 asserted
1327 2333 1358 2364 in
1377 2334 1431 2365 the
1447 2336 1535 2366 NT.

867 2373 937 2404 that
969 2374 1136 2404 Novatian
1174 2375 1254 2406 does
1284 2381 1341 2407 not
1371 2384 1472 2418 quote
1503 2380 1536 2410 in

867 2424 1003 2457 support
1021 2417 1099 2448 such
1117 2428 1270 2459 passages
1284 2429 1320 2450 as
1336 2420 1418 2451 Acts
1436 2422 1465 2451 iv
1484 2433 1531 2454 12.

867 2470 979 2533 b'ti9''
1003 2460 1046 2491 Is.
1060 2460 1103 2491 vii
1121 2470 1169 2500 14.
1199 2461 1296 2503 Vulg.
1315 2464 1409 2494 reads
1424 2468 1535 2497 ‘uoca-

891 2513 899 2533 1
918 2514 963 2533 ur.

911 2556 962 2577 20.
1010 2547 1106 2578 Matt.
1124 2547 1224 2578 xxviii
1243 2559 1293 2580 20.
