1727 2734
224 125 274 175 58
780 136 849 167 No
860 136 916 167 VA
926 136 1072 166 TJANJ
1387 137 1496 176 [XVL
1517 137 1623 168 XVII

219 232 343 283 gloria
384 232 425 270 in
470 230 830 281 praedestinatione
867 229 951 278 fuit,
993 231 1394 280 praedestinationem
1432 231 1547 269 istam
1585 231 1626 269 in

220 298 384 349 gloriam
406 296 645 335 nouissimus
667 295 847 334 Christus
868 294 1037 344 accepit:
1068 303 1159 333 ante
1181 295 1287 334 enim
1314 294 1626 346 praedestinatus

223 365 353 401 Adam
375 376 460 400 esse
481 369 671 406 cernetur,
694 369 732 399 et
753 361 866 406 Abel,
890 368 928 398 et
949 361 1102 407 Enoch,
1125 368 1163 399 et
1184 362 1284 408 Noe,
1303 368 1341 399 et
1356 360 1570 405 Abraham,
1588 367 1627 398 et

223 427 362 477 reliqui
383 426 510 465 ceteri.
570 439 662 464 nam
685 439 775 463 cum
803 426 910 476 apud
937 426 1058 463 deum
1085 433 1124 464 et
1151 439 1406 475 personarum
1433 433 1472 464 et
1497 438 1625 464 rerum

178 499 199 536 5
223 492 402 531 omnium
424 492 522 529 ordo
543 490 717 541 digestus
738 490 797 535 sit,
819 498 911 528 ante
930 491 1034 528 hanc
1061 490 1461 540 praedestinationem
1482 489 1628 529 Christi

222 557 262 595 in
297 556 460 607 gloriam
492 555 604 593 multi
638 554 919 605 praedestinati
952 555 1072 593 fuisse
1106 555 1297 601 dicentur,
1329 563 1367 594 et
1400 556 1477 593 hoc
1511 563 1627 605 pacto

223 622 351 660 minor
390 621 527 660 ceteris
566 620 795 659 hominibus
835 619 1015 659 Christus
1060 633 1146 658 esse
1191 621 1519 670 deprehendetur,
1559 620 1628 670 qui

224 686 361 725 melior
392 694 430 724 et
464 685 586 723 maior
621 692 659 723 et
692 684 890 734 antiquior
921 683 1014 734 ipsis
1050 697 1209 734 quoque
1240 685 1387 735 angelis
1416 684 1624 723 inuenitur.

222 760 289 789 aut
316 753 414 789 haec
438 750 553 800 igitur
574 749 708 788 omnia
729 750 925 794 tollantur,
949 756 991 787 ut
1016 748 1175 788 Christo
1202 749 1387 787 diuinitas
1413 750 1630 787 auferatur:

157 828 203 851 10
222 825 289 854 aut
319 816 350 854 si
379 817 477 854 haec
506 815 591 853 tolli
619 828 701 853 non
730 822 907 865 possunt,
941 814 1099 853 Christo
1128 815 1179 852 ab
1209 814 1413 853 haereticis
1442 813 1628 852 diuinitas

222 881 379 931 propria
405 881 601 919 reddatur.

305 947 439 991 XVH.
501 945 610 993 Quid
642 944 674 982 si
707 946 868 994 Moyses
900 945 1003 982 hanc
1037 945 1206 982 eandem
1242 945 1414 994 regulam
1455 942 1627 981 ueritatis
1649 943 1695 982 17

223 1011 457 1061 exsequitur,
492 1019 530 1049 et
569 1012 646 1049 hoc
678 1010 717 1047 in
757 1009 950 1060 principio
986 1022 1142 1048 suarum
1178 1009 1293 1047 nobis
1332 1009 1492 1047 tradidit
1530 1008 1627 1047 litte-

224 1090 363 1123 rarum,
397 1089 476 1125 quo
511 1075 711 1114 discamus
746 1075 880 1113 omnia
919 1082 1048 1114 creata
1087 1082 1124 1113 et
1155 1074 1316 1112 condita
1345 1087 1430 1112 esse
1461 1087 1530 1124 per
1563 1073 1628 1112 dei

157 1156 200 1193 15
223 1143 359 1186 filium,
382 1142 459 1179 hoc
487 1149 545 1179 est
571 1154 640 1190 per
670 1140 734 1179 dei
761 1141 957 1179 uerbum?
987 1141 1025 1178 id
1056 1139 1161 1178 enim
1187 1139 1282 1177 dicit
1308 1139 1416 1188 quod
1442 1140 1627 1184 Ioannes,

223 1208 332 1257 quod
359 1206 498 1253 ceteri,
532 1206 655 1243 immo
683 1213 721 1243 et
750 1207 922 1244 Ioannes
949 1214 987 1244 et
1017 1205 1136 1244 ceteri
1163 1205 1214 1243 ab
1244 1206 1320 1243 hoc
1350 1205 1630 1255 intelleguntur

222 1271 422 1322 accepisse
462 1272 570 1321 quod
610 1271 754 1309 dicant.
814 1271 845 1309 si
884 1271 989 1309 enim
1031 1273 1203 1309 Ioannes
1242 1270 1354 1308 dicit:
1395 1272 1525 1308 omnia
1554 1277 1632 1320 per

808 1378 858 1409 Cf.
885 1379 905 1408 1.
929 1389 956 1409 2.
1221 1385 1236 1416 7
1262 1377 1339 1407 -itur
1356 1376 1452 1407 edd.:
1477 1386 1556 1407 corr.
1577 1377 1628 1417 Ja.

988 1443 1025 1463 10
1049 1432 1075 1462 si
1092 1432 1173 1462 haee
1191 1438 1212 1462 t.
1232 1442 1264 1461 n.
1283 1436 1418 1472 possunt
1435 1442 1477 1461 a:
1502 1430 1528 1461 si
1547 1430 1629 1462 haec

288 1378 306 1409 6
332 1380 364 1410 in
385 1379 524 1419 gloriam
539 1379 602 1419 Ja:
629 1388 663 1408 ·a
683 1378 756 1408 edd.

223 1445 242 1476 9
266 1445 331 1465 non
349 1435 513 1466 auferatur
529 1434 604 1465 edd.
621 1445 627 1464 :
644 1444 725 1464 corr.
749 1433 819 1463 We.

223 1490 254 1519 in
281 1489 582 1530 praedestinatione
607 1494 735 1519 tantum
759 1488 824 1519 dici
851 1498 917 1518 non
941 1493 1079 1528 possunt
1108 1487 1138 1518 G
1170 1499 1193 1526 ’γ
1214 1487 1370 1527 glossema
1403 1486 1628 1527 manzsestum.

227 1554 262 1582 ¹4
289 1544 453 1574 discamus
471 1555 490 1573 α
507 1556 513 1574 :
538 1544 687 1574 dicamus
703 1544 746 1573 al.

266 1646 294 1678 9.
346 1637 417 1667 The
438 1642 612 1677 argument
638 1636 664 1667 is
686 1636 782 1676 again
804 1646 821 1666 a
841 1636 888 1665 di—

221 1680 359 1710 lemma:
388 1680 497 1711 Christ
522 1690 588 1710 was
612 1679 762 1720 glorified
787 1679 891 1709 either

221 1724 264 1764 by
275 1724 533 1764 predestination
551 1734 587 1754 or
600 1724 666 1754 else
683 1723 715 1753 in
735 1723 799 1753 His
815 1733 890 1753 own

222 1767 375 1807 personal
398 1778 530 1798 essence
557 1768 606 1798 (in
627 1767 822 1800 substantia,
841 1767 889 1796 οὐ-

222 1811 374 1848 σιωδῶς);
398 1810 425 1840 if
438 1811 480 1850 by
497 1810 769 1850 predestination,
792 1809 846 1839 He
864 1809 890 1839 is

222 1853 334 1884 shewn
352 1860 386 1884 to
402 1854 443 1884 be
461 1853 595 1884 inferior
611 1860 645 1883 to
661 1854 781 1889 Adam,
803 1852 889 1883 Abel

221 1903 298 1935 etc.,
319 1897 427 1927 which
444 1898 470 1928 is
487 1897 607 1927 absurd
624 1909 630 1927 ς
656 1896 817 1926 therefore
837 1896 890 1926 He

222 1951 288 1970 was
321 1941 473 1981 glorified
521 1940 719 1980 personally,
762 1939 826 1970 and
866 1940 891 1969 is

222 1984 308 2015 God.

264 2028 305 2057 ib.
345 2029 432 2057 haec
448 2027 579 2065 omnia]
612 2027 684 2057 The
701 2032 890 2067 arguments

221 2070 259 2101 of
272 2071 424 2111 chapters
441 2071 581 2100 xi—xvi.

267 2114 383 2144 XVII.
436 2114 501 2144 The
513 2124 601 2144 same
616 2115 701 2144 Rule
722 2113 763 2154 of
784 2113 889 2143 Trutlz

220 2163 358 2197 appears
373 2163 408 2187 at
420 2158 472 2188 tlze
485 2155 772 2197 beginningoflhc
791 2156 891 2187 Books

221 2200 261 2241 “f
293 2201 407 2235 Allos-es,
441 2202 475 2231 in
518 2201 568 2231 llze
606 2205 741 2230 arcozmt
777 2201 816 2239 os
841 2200 894 2229 the

226 2245 252 2274 C
254 2245 377 2275 walion
395 2245 434 2284 by
449 2245 501 2274 tlze
529 2245 630 2274 Word
641 2243 681 2284 of
696 2244 772 2281 God,
792 2242 890 2282 afler-

222 2288 332 2318 warlls
378 2289 429 2318 llzc
477 2289 563 2318 „llan
617 2288 733 2317 Christ
780 2287 886 2328 Jesus.

224 2332 328 2360 Aloros
377 2331 447 2361 tells
492 2342 529 2361 us
567 2331 639 2360 that
687 2330 757 2361 (iod
801 2330 893 2360 made

224 2385 303 2404 man
313 2386 324 2409 ;
370 2374 441 2404 and
476 2375 526 2404 [lle
572 2375 778 2413 Evangelia,
820 2374 893 2403 that

221 2417 363 2457 through
386 2417 438 2448 tlte
465 2419 476 2446 1
482 2418 567 2447 Vord
584 2417 623 2459 of
636 2417 706 2448 Gozl
717 2417 766 2447 all
781 2417 893 2456 things

224 2461 310 2498 (and
328 2461 550 2501 conseqnenlly
574 2460 665 2500 man)
684 2470 765 2491 were
789 2461 890 2490 made.

223 2505 257 2535 lt
269 2503 402 2545 follows
426 2504 498 2534 that
525 2504 639 2534 Christ
660 2504 687 2534 is
714 2503 803 2540 God,·
825 2503 896 2533 and

959 1635 1031 1664 {leat
1061 1635 1095 1664 in
1124 1633 1244 1673 regard
1264 1637 1294 1662 to
1325 1633 1392 1663 His
1424 1633 1545 1663 Person
1577 1632 1630 1662 tlte

963 1678 1045 1708 O.T.
1081 1677 1152 1707 and
1186 1677 1238 1706 the
1275 1676 1368 1706 MT.
1405 1685 1461 1706 are
1499 1676 1628 1716 comple-

959 1726 1115 1760 mcnlary.
1169 1721 1215 1750 To
1238 1720 1320 1759 deny
1345 1720 1408 1750 His
1431 1719 1583 1750 Godlzead
1603 1720 1630 1748 is

958 1770 988 1794 to
998 1763 1177 1794 contradict
1187 1764 1255 1793 both
1275 1763 1306 1792 T
1300 1768 1483 1793 eslamenls.
1524 1763 1629 1793 stloses

959 1809 1084 1847 αςςιζξης
1104 1811 1134 1837 lo
1155 1807 1224 1837 God
1236 1807 1406 1836 altributes
1423 1805 1464 1846 of
1480 1806 1627 1847 infinily,

959 1856 1012 1881 etc.
1066 1851 1149 1881 And
1171 1854 1227 1890 yet
1260 1850 1298 1880 lte
1330 1849 1512 1879 introduces
1544 1849 1627 1879 Hinc

959 1894 1156 1934 descending
1181 1898 1212 1923 lo
1242 1893 1295 1923 tlze
1329 1893 1441 1923 Tower
1469 1892 1509 1932 of
1528 1892 1633 1923 Bahal

959 1938 1030 1967 and
1053 1937 1375 1977 speaking—actions
1395 1936 1503 1966 whiclz
1527 1936 1629 1976 imply

949 1981 1055 2022 finite
1070 1981 1262 2010 conditions.
1302 1980 1334 2010 T
1329 1980 1368 2009 lle
1383 1978 1538 2018 reference
1554 1990 1628 2009 can-

962 2029 1017 2054 not
1032 2024 1065 2054 be
1078 2029 1108 2054 to
1124 2024 1176 2053 tlze
1193 2023 1314 2053 Fatlzer
1329 2033 1391 2052 nor
1405 2027 1434 2052 to
1447 2033 1492 2052 an
1509 2023 1625 2062 Angel,

960 2068 1016 2097 but
1035 2072 1065 2097 to
1080 2068 1132 2097 tlze
1149 2068 1214 2097 Son
1231 2066 1270 2107 of
1288 2067 1365 2100 Ged,
1382 2065 1453 2096 who
1473 2066 1500 2096 is
1516 2065 1632 2106 lziglzer

959 2111 1042 2141 llum
1059 2111 1111 2141 tlte
1128 2110 1259 2150 Angels.

1009 2165 1056 2195 13.
1089 2157 1125 2185 et,
1141 2156 1205 2184 hoc
1221 2155 1259 2183 in
1274 2154 1448 2190 principio
1464 2152 1528 2193 sq.]
1549 2152 1629 2182 ‘and

961 2198 1020 2228 has
1037 2198 1134 2238 given
1156 2208 1193 2228 us
1217 2197 1358 2236 enough,
1380 2196 1412 2226 in
1437 2195 1492 2226 the
1517 2196 1628 2236 begin-

961 2242 1041 2282 ning
1066 2240 1102 2271 of
1125 2241 1176 2271 his
1203 2240 1361 2280 writings‚
1388 2244 1422 2269 to
1450 2238 1545 2269 teach
1572 2249 1609 2269 us
1622 2239 1628 2251 ’

961 2291 1023 2316 etc.
1064 2285 1095 2315 A
1111 2283 1403 2316 verbalreference
1420 2288 1453 2312 to
1467 2282 1551 2313 Gen.
1569 2282 1578 2312 i
1600 2293 1624 2312 1.

1010 2339 1057 2367 14.
1104 2335 1172 2364 quo
1196 2326 1385 2364 discamus]
1413 2335 1466 2366 cp.
1492 2325 1546 2356 the
1570 2336 1629 2356 use

962 2371 999 2402 of
1011 2382 1072 2413 quo
1089 2371 1122 2401 in
1139 2381 1172 2411 p.
1192 2369 1241 2409 56.
1262 2368 1294 2400 6.

1010 2414 1057 2445 16.
1105 2413 1227 2451 ceteri]
1252 2423 1297 2444 sc.
1318 2412 1373 2442 the
1393 2411 1487 2442 other
1506 2412 1630 2443 Sacred

961 2458 1099 2489 W'riters
1117 2457 1187 2497 (not
1205 2456 1282 2497 only
1299 2455 1354 2486 the
1373 2455 1607 2496 Evangelists).
