1727 2734
161 506 180 543 5

205 136 257 177 54

200 247 296 272 sum.

756 136 825 167 ΝΟ
835 135 890 166 VA
901 134 1047 165 TIANI

1405 131 1497 171 [xV,
1515 131 1602 162 xvi

356 231 409 270 ita
430 231 539 281 quod
564 231 616 268 ad
641 229 790 268 crimen
817 227 1087 278 blasphemiae
1107 226 1285 277 pertinet,
1309 225 1434 263 filium
1454 238 1496 263 se
1522 237 1604 262 non

201 305 351 348 patrem
373 296 486 335 dicit:
518 296 626 345 quod
653 302 786 332 autem
812 294 863 331 ad
890 292 1138 331 diuinitatem
1166 299 1315 341 spectet
1338 290 1470 340 ipsius,
1492 303 1553 340 ego
1571 295 1608 328 et

192 368 310 412 pater
339 374 455 398 omme
486 373 616 398 snmus
644 359 828 405 dicendo,
861 357 985 396 filium
1015 370 1056 395 se
1085 370 1171 395 esse
1197 364 1235 394 et
1262 357 1380 394 deum
1408 354 1602 405 probauit.

201 429 298 466 deus
320 434 378 464 est
399 438 508 475 ergo:
539 426 638 463 deus
658 432 790 462 autem
813 423 878 470 sic,
902 430 945 460 ut
966 421 1067 459 filius
1089 421 1146 468 sit,
1170 435 1251 459 non
1272 428 1391 471 pater.

284 493 392 529 XVI.

453 490 493 528 Si
514 490 636 527 homo
657 489 936 527 tantummodo
958 486 1148 533 Christus,
1167 486 1372 535 quomodo
1391 484 1476 534 ipse
1491 483 1604 523 dicit:
1628 482 1675 519 16

200 562 235 593 et
259 556 382 593 omnis
411 555 482 603 qni
510 554 614 591 uidet
641 559 677 591 et
704 555 823 591 credit
851 554 890 590 in
919 565 975 589 me
1001 565 1074 589 non
1103 552 1287 588 morietur
1311 551 1351 588 in
1380 550 1605 587 aeternum?

202 623 271 660 sed
301 620 405 659 enim
435 619 503 669 qui
531 619 571 657 in
601 618 805 657 hominem
835 617 1051 656 solitarium
1078 615 1202 654 credit
1228 623 1266 653 et
1293 615 1457 661 nudum,
1489 615 1606 652 male-

201 686 330 725 dictus
361 684 520 723 dicitur:
551 684 615 722 hic
644 691 788 730 autem,
821 682 889 732 qui
920 681 1044 721 credit
1076 681 1115 718 in
1147 680 1349 720 Christum
1378 693 1460 718 non
1490 681 1606 717 male-

201 748 342 795 dictus,
375 748 444 785 sed
478 746 517 784 in
552 754 756 784 aeternum
791 758 873 782 non
909 743 1119 782 moriturus
1153 744 1325 781 refertur.

136 829 182 854 10
201 821 268 851 aut
297 814 420 851 homo
449 819 508 850 est
537 818 702 857 tantum,
728 817 771 848 ut
800 808 984 848 haeretici
1012 810 1163 855 uolunt,
1193 808 1398 857 quomodo
1428 806 1605 857 quisquis

1384 755 1431 780 ex
1462 755 1542 792 quo
1573 741 1604 780 si

201 876 240 913 in
276 889 367 914 eum
402 873 526 912 credit
564 886 645 911 non
686 872 872 911 morietur
909 871 949 909 in
987 878 1202 917 aeternum,
1239 883 1329 908 cum
1372 869 1605 908 maledictus

201 951 287 977 esse
307 945 487 976 teneatur
508 937 575 987 qui
595 936 760 975 confidit
781 936 821 974 in
848 935 1040 974 homine?
1095 942 1163 973 aut
1190 934 1223 972 si
1248 948 1331 972 non
1358 933 1602 980 maledictus,

201 1005 272 1042 sed
301 1002 432 1053 potius
461 1003 512 1040 ad
541 1010 723 1040 aeternae
748 1001 852 1039 uitae
881 1000 1217 1047 consecutionem,
1247 1008 1289 1038 ut
1315 999 1464 1049 legitur,
1491 998 1606 1038 desti-

201 1075 327 1114 natus,
351 1080 432 1105 non
454 1068 575 1105 homo
602 1067 882 1104 tantummodo
910 1065 1100 1112 Christus,
1124 1065 1194 1103 sed
1215 1072 1253 1103 et
1277 1066 1395 1111 deus3
1423 1063 1463 1101 in
1485 1076 1603 1113 quem

200 1197 369 1236 iustitiae
403 1196 567 1235 accedit.

135 1142 179 1181 15
201 1132 268 1182 qui
295 1132 430 1179 credit,
453 1139 491 1170 et
518 1131 807 1170 maledictionis
837 1130 1054 1180 periculum
1084 1129 1260 1179 deponit,
1290 1137 1328 1167 et
1357 1130 1407 1167 ad
1434 1129 1604 1166 fructum

741 1293 760 1325 6
785 1293 875 1323 uz'm't
890 1293 999 1323 Latin.
1018 1293 1069 1333 Ja.

244 1382 340 1413 XVI.
390 1381 432 1422 lf
459 1381 575 1412 Christ
603 1382 631 1411 is
662 1391 745 1411 mere
773 1391 864 1418 man,

199 1426 270 1456 how
294 1437 354 1456 can
378 1426 431 1456 He
447 1425 590 1465 promise
610 1425 737 1455 eternal
758 1423 817 1464 lzfe
838 1429 868 1455 to

196 1479 288 1509 every
303 1479 361 1499 one
377 1469 449 1499 who
464 1468 614 1498 oclz'eveth
627 1478 668 1498 072
686 1468 795 1498 Isim?
807 1467 870 1507 sor

197 1524 217 1542 α
236 1523 327 1543 curse
350 1513 377 1542 is
394 1512 606 1552 pronounced
624 1522 665 1542 on
689 1512 773 1542 those
796 1511 867 1542 who

196 1561 284 1586 trust
299 1556 335 1586 in
352 1567 443 1586 mon.
489 1556 614 1595 Agaz'n,
635 1555 706 1585 how
729 1565 790 1585 can
814 1556 868 1586 He

195 1609 254 1639 say
277 1599 329 1629 the
355 1599 521 1630 Paraclete
541 1599 613 1629 will
633 1599 705 1629 talee
727 1598 767 1638 os
778 1599 867 1629 what

195 1643 223 1673 is
259 1643 328 1673 His
361 1643 433 1673 and
466 1642 589 1673 declaro
627 1642 675 1672 it?
709 1642 773 1682 for
814 1643 865 1673 the

196 1687 363 1717 Paracletc
387 1687 456 1717 does
474 1690 530 1716 not
551 1687 666 1716 receive
688 1685 869 1726 knowledge

183 1729 280 1770 from
310 1740 388 1760 man
418 1730 476 1759 out
501 1731 641 1770 imparis
668 1730 694 1759 z't
724 1733 753 1759 to
780 1729 859 1760 him.

195 1773 229 1803 ll
234 1773 365 1814 follows
384 1773 457 1803 tlmt
476 1773 589 1803 Christ
609 1772 712 1802 either
730 1772 865 1803 dcccives

194 1827 242 1853 ns,
276 1817 383 1846 which
419 1817 446 1846 is
478 1816 714 1846 unthz'nhable:
748 1827 786 1846 or
811 1816 864 1846 the

192 1860 368 1897 paraclete,
395 1860 557 1899 receiving
565 1859 660 1899 from
690 1859 812 1896 Christ,
837 1861 864 1889 is

193 1903 252 1933 less
267 1903 350 1932 than
370 1903 494 1933 Christ.
532 1903 564 1933 T
561 1903 613 1932 his
617 1908 734 1943 proves
749 1903 863 1933 Christ

192 1952 222 1976 to
238 1946 271 1977 be
288 1947 365 1977 God.

235 1990 361 2030 Again,
380 1990 457 2029 why
473 1990 540 2020 cloes
554 1990 605 2020 He
612 1990 703 2029 place
717 1989 870 2029 Hz'mself

191 2033 291 2063 beside
322 2034 399 2067 God,
431 2033 572 2063 wilhoul
601 2033 794 2063 distinction
830 2032 870 2072 of

190 2077 301 2116 Dez'ly,
320 2077 356 2107 in
373 2077 426 2107 the
443 2077 514 2107 rnle
527 2076 661 2117 offizilh
679 2077 753 2106 laid
765 2076 859 2106 down

190 2121 226 2150 in
248 2121 309 2161 Jo.
327 2120 392 2151 xvii
417 2121 454 2160 3?
507 2120 591 2159 Why
607 2120 675 2150 does
693 2120 743 2150 He
767 2120 862 2160 spcak

187 2164 227 2204 os
241 2164 294 2194 the
304 2165 400 2203 gloaey
418 2164 468 2194 lle
485 2163 556 2193 had
570 2164 652 2193 with
673 2164 724 2194 the
740 2164 862 2193 Father

187 2207 289 2248 before
319 2208 372 2238 the
397 2207 504 2237 world
523 2207 615 2237 was?
629 2207 723 2246 from
750 2207 858 2236 which

187 2252 226 2281 H
227 2252 255 2281 z's
262 2252 491 2291 pre-existence
508 2251 700 2289 necessarily
704 2250 839 2290 follows
846 2262 859 2286 ,-

178 2295 238 2335 jor
265 2305 348 2324 mere
372 2305 450 2324 man
475 2294 570 2324 could
589 2294 665 2333 only
689 2294 770 2324 hove
793 2293 862 2323 had

187 2339 215 2368 it
247 2337 335 2377 after
369 2338 422 2368 the
452 2337 558 2367 world
593 2337 704 2377 began.
777 2337 809 2367 T
805 2337 858 2367 lzz's

185 2386 304 2412 cannot
331 2381 363 2411 he
394 2381 569 2420 explained
594 2391 689 2420 away
719 2380 759 2419 by
782 2385 855 2420 pre-

184 2424 392 2461 destination,
422 2423 528 2454 which
556 2434 603 2454 we
624 2424 703 2454 dare
726 2428 782 2454 not
803 2424 855 2453 in-

183 2468 334 2508 teoepolale
366 2468 403 2497 in
434 2467 487 2497 the
522 2467 646 2497 Sacred
686 2467 777 2497 Text.
823 2467 858 2497 It

173 2511 307 2552 follows
322 2511 395 2541 that
414 2510 528 2541 Christ
544 2521 612 2540 ‘zoas
635 2511 670 2540 in
689 2510 858 2541 substance

936 1379 1038 1419 before
1060 1380 1112 1410 the
1123 1379 1329 1420 foundation
1356 1380 1396 1419 of
1411 1380 1463 1411 the
1489 1382 1603 1412 world.

937 1425 1008 1454 But
1051 1425 1224 1463 assuming
1258 1424 1531 1464 predestination,
1578 1425 1605 1455 it

936 1472 1024 1497 must
1039 1467 1232 1507 correspond
1245 1469 1280 1497 in
1305 1467 1400 1498 Gozl’s
1412 1472 1554 1508 purpose
1573 1473 1604 1498 to

935 1510 987 1541 the
1013 1511 1106 1541 order
1127 1511 1167 1551 os
1181 1511 1276 1541 time:
1300 1511 1372 1541 and
1388 1511 1464 1541 thus
1491 1511 1606 1542 Christ

935 1555 1049 1585 would
1057 1555 1090 1585 be
1101 1554 1293 1594 subsequen!
1304 1559 1334 1584 to
1346 1554 1462 1592 others,
1478 1555 1600 1592 Adam,

934 1598 1020 1628 Abel
1039 1598 1111 1628 and
1129 1598 1182 1628 the
1198 1598 1402 1638 patrias-cos.

980 1640 1010 1672 6.
1059 1642 1171 1672 omnis
1195 1642 1256 1676 qui
1278 1641 1391 1679 uidet]
1432 1641 1485 1681 Jo.
1509 1641 1540 1672 xi
1563 1641 1601 1673 26

935 1684 1032 1725 Vulg.
1049 1685 1170 1721 ‘uiuit‚’
1188 1684 1269 1715 after
1280 1685 1335 1715 the
1349 1684 1470 1715 Greek.
1501 1685 1601 1715 Prob-

933 1728 1009 1768 ably
1028 1727 1075 1767 (as
1092 1728 1237 1768 jackson
1261 1730 1347 1768 says)
1374 1728 1416 1759 N.
1442 1728 1501 1759 has
1524 1738 1600 1759 con-

933 1771 1024 1802 fused
1049 1771 1104 1802 the
1128 1781 1265 1812 passage
1291 1771 1368 1802 with
1389 1771 1443 1812 Jo.
1470 1772 1500 1802 vi
1523 1782 1574 1811 40.

979 1824 1006 1854 7.
1052 1815 1175 1855 Jerem.
1194 1815 1259 1844 xvii
1279 1825 1307 1853 5.
1355 1814 1417 1855 Cp.
1435 1825 1467 1855 p.
1487 1825 1536 1855 35.
1558 1826 1584 1854 7.

976 1868 1006 1899 9.
1053 1860 1084 1888 si
1096 1861 1160 1888 aut
1176 1860 1278 1888 homo
1295 1858 1363 1896 est]
1407 1858 1479 1888 The
1501 1859 1597 1889 alter-

934 1902 1060 1932 natives
1096 1912 1150 1932 are
1186 1901 1290 1931 stated
1329 1901 1361 1931 in
1393 1911 1412 1931 a
1442 1902 1599 1932 confused

933 1955 1022 1985 way:
1048 1956 1096 1975 we
1124 1944 1227 1985 might
1254 1945 1337 1975 have
1365 1946 1523 1985 expected
1554 1946 1598 1984 (in

932 1988 997 2018 line
1020 1988 1068 2027 12)
1089 1992 1096 2004 ‘
1111 1994 1166 2018 aut
1184 1988 1209 2018 si
1226 1987 1341 2018 deus’:
1365 1988 1423 2018 but
1440 1988 1483 2018 N.
1501 1988 1600 2019 alters

932 2032 987 2062 the
1004 2032 1096 2072 point
1114 2031 1151 2061 of
1167 2036 1322 2068 contrast,
1347 2032 1413 2061 and
1436 2031 1544 2062 writes
1564 2043 1598 2062 as

932 2075 959 2104 if
993 2075 1049 2105 the
1086 2075 1207 2105 former
1238 2075 1387 2105 member
1417 2074 1483 2105 had
1515 2075 1598 2106 been

932 2118 1146 2149 ‘maledictus
1178 2118 1237 2148 erit
1276 2118 1423 2159 quisquis
1458 2118 1492 2148 in
1523 2129 1597 2149 eum

929 2161 1058 2192 credit.'
1115 2161 1188 2192 The
1220 2161 1287 2192 first
1319 2166 1379 2191 aut
1410 2161 1436 2192 is
1468 2161 1501 2191 in
1531 2161 1597 2192 fact

928 2205 1121 2246 pleonastic.

976 2259 1022 2279 12.
1072 2248 1250 2286 teneatur]
1281 2258 1317 2278 so
1346 2248 1377 2277 in
1405 2258 1461 2288 pp.
1490 2247 1540 2287 36.
1564 2250 1594 2286 8,

927 2302 980 2333 49.
1002 2303 1028 2329 1,
1049 2291 1086 2322 of
1102 2291 1239 2331 holding
1254 2291 1386 2322 aview:
1412 2291 1445 2321 in
1462 2291 1513 2322 ch.
1532 2303 1595 2322 xxx

927 2335 982 2366 the
1006 2336 1096 2365 word
1126 2335 1152 2365 is
1177 2335 1281 2365 thrice
1304 2335 1445 2374 coupled
1473 2335 1505 2364 in
1531 2335 1596 2365 this

925 2389 1020 2409 sense
1051 2378 1130 2409 with
1161 2378 1294 2408 credere.
1352 2378 1415 2408 But
1452 2377 1595 2419 perhaps

926 2422 1004 2453 here
1023 2421 1113 2452 there
1136 2421 1162 2451 is
1184 2421 1239 2452 the
1263 2420 1336 2451 idea
1361 2421 1397 2451 of
1419 2424 1426 2437 ‘
1440 2421 1594 2452 maledic-

925 2466 1014 2496 tione
1047 2464 1176 2496 teneri’:
1216 2464 1263 2494 ‘is
1295 2464 1413 2505 placed
1440 2464 1545 2496 under
1575 2475 1594 2496 a

924 2507 1038 2540 curse.’
