1727 2734
118 167 256 206 XVIII]
526 168 598 198 DE
636 167 838 197 TA’lNlTA
849 166 912 197 TE
943 165 1097 196 LIBER
1462 154 1518 202 67

118 273 209 298 cum
230 261 350 298 deum
372 273 467 306 esse,
487 259 554 308 qui
577 272 717 297 uocem
738 258 913 297 audisset
929 257 1098 303 infantis,
1118 256 1339 303 rettulisset,
1357 256 1518 294 adiecit:

116 331 151 362 et
169 327 319 362 uocauit
336 326 493 373 angelus
512 325 662 362 domini
678 326 800 373 istsclm
818 325 933 372 Agar
946 325 990 360 de
1007 324 1101 360 caelo
1110 337 1118 368 3
1148 323 1332 372 angelum
1350 323 1520 359 referens

117 404 202 429 esse
249 404 368 440 quem
417 391 536 428 deum
586 390 745 435 dixerat,
787 397 825 427 et
873 388 1080 427 dominum
1126 386 1386 437 pronuntians
1435 400 1520 424 esse

116 467 235 504 quem
260 455 444 504 angelum
469 455 692 492 collocarat.
743 453 891 502 quique
914 453 1075 502 angelus
1103 460 1141 490 et
1168 453 1266 489 deus
1294 452 1425 488 adhuc
1447 450 1520 500 ipsi

117 522 221 569 Agar
245 518 436 569 promittit
461 518 608 556 maiora
638 518 794 562 solacia,
821 518 1010 556 dicendo:
1042 530 1086 554 ne
1109 518 1306 559 timuerz'5;
1336 518 1523 553 exaudl'm'
1541 522 1560 560 5

114 585 213 621 enlm
234 597 353 621 uocem
366 585 486 632 paeri
508 586 551 621 de
570 586 642 620 loco
664 584 729 620 uhi
745 588 836 620 erat.
894 596 1013 631 sm‘ge,
1037 595 1139 619 sume
1156 589 1336 630 puerum,
1358 587 1393 618 el
1417 587 1518 618 lene.-

116 651 157 686 iaz
180 655 323 697 gentem
353 651 451 686 ellim
482 662 661 697 magnam
678 649 828 696 faciam
854 661 948 685 eum.
1009 647 1072 685 hic
1101 649 1274 697 angelus,
1299 647 1329 685 si
1356 648 1518 697 angelus

115 723 268 753 tantum
304 723 372 761 est,
405 729 473 753 cur
507 716 582 753 1106
617 714 690 752 sibi
726 713 901 752 uindicat
932 722 974 751 ut
1006 713 1128 752 dicat:
1170 715 1209 750 in
1241 719 1385 761 gentem
1418 714 1516 750 enim

116 794 295 829 magnam
313 780 459 826 fizcz'am
483 793 577 826 eum,
601 793 691 817 cum
720 780 796 817 1106
823 780 960 828 utique
986 792 1110 828 genus
1137 778 1338 828 potentiae
1365 777 1428 816 dei
1457 777 1515 823 sit,

114 845 242 895 angeli
273 858 358 883 esse
385 858 465 882 non
494 844 646 894 possit?
702 858 748 882 ex
775 857 855 893 quo
880 844 997 882 etiam
1026 845 1123 881 deus
1151 844 1406 881 confirmatur
1433 856 1518 881 esse
1544 852 1589 876 10

114 910 183 960 qui
212 911 288 947 hoc
319 918 447 959 potest
477 911 614 947 facere.
675 909 863 958 quoniam
894 917 936 947 ut
966 911 1042 947 hoc
1069 909 1197 958 ipsum
1225 908 1516 958 comprobetur,

113 974 282 1012 adicitur
310 988 379 1024 per
408 974 639 1024 scripturam
670 974 819 1012 statim:
849 980 885 1011 et
913 976 1067 1023 aperuit
1092 976 1181 1011 dens
1211 975 1331 1011 oculos
1364 974 1452 1019 eius,
1485 978 1521 1009 et

115 1040 215 1076 uidit
224 1046 385 1088 puteum
406 1053 528 1088 aquae
548 1041 672 1085 uiuae,
695 1045 729 1076 et
747 1040 852 1085 abiit,
875 1045 910 1076 et
934 1040 1107 1088 impleuit
1129 1044 1248 1075 utrem
1275 1039 1320 1075 de
1334 1044 1461 1086 puteo,
1484 1043 1520 1074 et

112 1105 213 1142 dedit
226 1111 357 1153 puero,
380 1110 416 1142 el
440 1110 524 1141 crat
548 1107 636 1141 deus
661 1117 742 1141 cum
762 1111 895 1152 puero.
955 1104 984 1141 si
1006 1117 1097 1153 ergo
1119 1103 1182 1140 hic
1203 1104 1300 1141 deus
1322 1111 1403 1140 erat
1425 1116 1514 1140 curn

113 1182 247 1218 puero,
271 1169 338 1219 qui
357 1171 508 1219 aperuit
535 1171 672 1207 oculos
693 1171 807 1218 Agar,
831 1176 872 1206 ut
893 1168 1045 1206 uideret
1069 1176 1232 1219 puteum
1253 1181 1380 1217 aquae
1401 1168 1516 1206 uiuae
1541 1173 1585 1211 15

113 1243 152 1272 et
186 1235 355 1272 hauriret
388 1247 532 1284 aquarn
566 1242 725 1284 propter
759 1242 962 1283 urgentem
998 1233 1079 1270 sitis
1111 1234 1411 1279 necessitatem3
1453 1232 1516 1271 hic

111 1307 244 1337 autern
273 1300 370 1337 deus
391 1312 412 1337 e
432 1299 542 1337 caelo
569 1298 673 1335 illam
696 1306 838 1343 uocat3
867 1298 1028 1347 angelus
1058 1296 1199 1342 dictus,
1221 1310 1312 1334 curn
1337 1296 1515 1346 superius

113 1378 254 1403 uocem
286 1364 451 1403 audiens
483 1364 688 1402 clamantis
720 1363 829 1413 pueri
868 1364 965 1400 deus
1000 1370 1102 1400 esset
1131 1362 1273 1411 potius,
1306 1375 1387 1399 non
1416 1361 1515 1399 alius

113 1429 349 1479 intellegitur
387 1443 505 1479 quarn
545 1431 706 1479 angelus
740 1441 825 1467 esse
859 1427 1000 1478 pariter
1039 1435 1077 1465 et
1111 1428 1219 1465 deus.
1279 1428 1388 1476 quod
1423 1440 1514 1464 cum

113 1494 211 1544 patri
233 1503 464 1544 competens
481 1502 518 1533 et
539 1494 783 1532 conueniens
799 1506 884 1531 esse
900 1506 981 1531 non
1002 1492 1136 1542 possit,
1153 1491 1218 1541 qui
1236 1492 1515 1530 tantummodo
1538 1503 1586 1527 20

113 1561 211 1598 deus
233 1567 303 1604 est,
320 1567 552 1609 competens
572 1567 704 1597 autem
725 1572 810 1596 esse
831 1558 954 1608 possit
975 1557 1145 1602 Christo,
1161 1556 1228 1606 qui
1244 1570 1326 1594 non
1347 1564 1516 1594 tantum-

113 1627 235 1664 modo
262 1626 360 1664 deus
387 1626 457 1663 sed
484 1633 522 1663 et
549 1625 711 1674 angelus
735 1623 1011 1673 pronuntiatus
1032 1630 1101 1668 est,
1127 1621 1332 1660 manifeste
1352 1629 1515 1671 apparet

182 1720 192 1740 1
220 1720 335 1741 uocem
353 1709 478 1740 audiuit
497 1710 630 1740 infantis
647 1720 727 1740 corr.
746 1709 788 1750 Ja
803 1719 843 1739 ex
860 1720 917 1739 ms.
938 1709 1044 1738 Wow.
1189 1720 1208 1746 4
1232 1707 1369 1748 quique]
1374 1706 1518 1746 sortasse

111 1765 179 1807 qui.
348 1766 384 1795 18
409 1764 532 1805 potius]
550 1765 676 1805 positus
691 1775 771 1794 corr.
791 1764 841 1805 Ja.

111 1846 223 1876 vatian
254 1845 287 1875 in
312 1845 398 1876 O.T.
431 1843 645 1885 quotations).
699 1843 778 1873 Gal·
897 1851 945 1881 17.
987 1842 1059 1871 ‘He
1076 1841 1151 1871 who
1168 1840 1194 1871 is
1211 1840 1317 1871 called
1334 1850 1375 1870 an
1394 1840 1515 1880 Angel,

112 1886 667 1928 landius'conjecture⁴exaudiuit’
683 1886 778 1925 (from
847 1885 1019 1925 although,
1051 1884 1166 1915 earlier
1197 1884 1230 1914 in
1258 1885 1313 1914 the
1339 1884 1513 1921 narrative,

114 1931 226 1973 Vulg.)
246 1932 273 1962 is
289 1931 529 1962 unwarranted.
848 1929 944 1959 when
965 1930 1019 1958 He
1036 1928 1137 1958 heard
1163 1927 1217 1958 the
1234 1937 1289 1967 cry
1307 1926 1344 1959 of
1364 1927 1418 1957 the
1437 1928 1513 1967 boy,

157 1989 187 2015 4.
234 1975 436 2013 collocarat]
486 1975 567 2005 ‘had
610 1984 777 2014 represen-
848 1973 872 2003 it
899 1983 966 2002 was
990 1972 1099 2002 rather
1127 1971 1214 2008 (jod,
1246 1971 1272 2001 is
1300 1971 1514 2008 understood,

113 2019 205 2050 ted’:
230 2029 280 2059 cp.
303 2029 357 2059 pp.
380 2028 430 2057 30.
454 2018 502 2053 18,
522 2028 574 2059 95.
594 2019 621 2048 8.
848 2015 924 2046 etc.'
968 2015 1112 2056 Jackson
1141 2014 1276 2045 emends
1307 2015 1399 2044 Deus
1443 2018 1520 2044 esset

157 2063 197 2092 ib.
245 2062 388 2100 quique]
430 2062 518 2098 ‘He,
545 2061 644 2101 being
669 2061 779 2100 Angel
842 2060 979 2100 positus,
1013 2058 1088 2088 thus
1120 2058 1315 2097 weakening
1347 2057 1401 2087 the
1436 2062 1515 2087 text.

113 2106 178 2136 and
203 2106 304 2143 God,'
328 2105 538 2145 introducing
559 2116 577 2134 a
600 2104 685 2134 fresh
707 2114 777 2134 sen-
849 2103 1055 2133 Hic...tmcat
1068 2101 1216 2142 depends
1233 2110 1276 2130 on
1298 2101 1329 2130 si
1345 2111 1434 2139 ergo:
1461 2100 1517 2131 the

114 2155 218 2180 tence.
849 2145 1003 2185 apodosis
1031 2145 1145 2184 begins
1177 2150 1208 2174 at
1236 2144 1372 2183 angelus
1399 2144 1514 2179 dictus,

158 2192 189 2223 6.
237 2192 321 2223 Gen.
340 2191 393 2222 xxi
415 2193 463 2222 18.
851 2189 905 2219 the
922 2189 1048 2229 subject
1066 2194 1099 2218 to
1116 2188 1323 2227 inlellegztur.

158 2237 188 2267 8.
236 2243 298 2265 cur
313 2238 377 2266 hoc
394 2237 462 2265 sibi
477 2235 558 2272 cet.]
587 2234 683 2274 ‘why
700 2234 780 2264 does
896 2242 945 2263 20.
992 2234 1192 2268 competens
1224 2234 1260 2260 et
1292 2230 1516 2269 conueniens]

112 2279 154 2310 he
170 2279 265 2309 claim
284 2279 338 2309 the
356 2289 466 2319 power
483 2278 519 2308 of
531 2277 727 2318 saying...?’
852 2275 1081 2316 ‘appropriate
1111 2274 1175 2304 and
1208 2273 1405 2313 becoming.y
1452 2273 1515 2314 Cp.

162 2333 209 2354 12.
260 2323 345 2353 Gen.
364 2322 416 2352 xxi
440 2332 485 2363 19,
507 2331 557 2352 20.
850 2324 927 2349 note
956 2329 998 2349 on
1029 2324 1114 2347 ‘non
1146 2317 1201 2358 qui
1238 2317 1311 2347 loco
1342 2315 1517 2353 cludatur‚’

160 2376 208 2406 13.
252 2366 372 2404 uiuae]
393 2367 506 2402 ζῶντος
529 2364 643 2395 LXX:
669 2369 725 2394 not
748 2363 780 2394 in
850 2373 881 2403 p.
902 2361 954 2392 60.
974 2373 1019 2401 15·
1072 2362 1102 2391 A
1119 2361 1205 2401 good
1224 2361 1371 2390 instance
1385 2360 1421 2390 of
1434 2370 1514 2390 com-

112 2409 209 2450 Vulg.
843 2410 953 2446 petere
980 2405 1012 2435 in
1038 2405 1102 2435 this
1130 2414 1223 2435 sense
1251 2405 1277 2434 is
1302 2405 1334 2433 in
1361 2404 1450 2434 Tert.
1479 2404 1516 2434 de

161 2463 208 2492 14.
255 2454 312 2483 hic
338 2455 424 2483 deus
449 2452 542 2489 erat]
590 2450 675 2481 Both
702 2450 780 2480 here
850 2450 948 2489 Bapt.
976 2461 995 2488 4
1021 2454 1242 2488 ‘quamquam
1265 2447 1306 2477 ad
1331 2446 1516 2487 simplicem

112 2497 178 2527 and
208 2497 240 2527 in
272 2497 338 2527 line
378 2506 412 2535 17
442 2496 562 2531 below,
598 2494 653 2524 the
688 2493 780 2523 word
850 2499 957 2523 actum
976 2497 1142 2532 competat
1160 2490 1364 2521 similitudo)

114 2543 121 2555 ‘
134 2540 214 2570 deus
226 2539 233 2553 ²
250 2540 309 2570 has
326 2540 381 2570 the
399 2539 486 2570 force
503 2538 539 2569 of
553 2549 571 2568 a
588 2537 766 2578 predicate.

1303 2610 1404 2648 5-2
