1727 2734
90 148 158 187 111,
180 149 244 188 IV]
505 149 577 179 DE
614 148 819 179 TA'lNlTA
829 148 892 179 TE
924 148 1078 179 LIBER

1446 148 1490 188 13

87 242 210 280 uerbo
244 241 327 281 eius
362 242 524 292 digesta,
559 250 600 280 ut
629 248 706 291 per
737 242 860 291 ipsum
894 240 994 279 sint:
1037 249 1075 279 et
1110 241 1148 278 in
1184 241 1373 279 iudicium
1410 243 1493 281 eius

88 308 268 347 recidunt
315 308 509 354 uniuersa,
561 316 602 346 ut
649 309 745 346 dum
794 308 834 345 in
878 308 956 356 ipso
998 314 1227 356 exspectant
1272 307 1492 346 libertatern

89 373 341 423 corruptione
370 373 561 423 deposita,
592 373 631 410 in
662 372 790 422 ipsum
822 371 1031 410 uideantur
1060 386 1146 410 esse
1176 380 1369 411 reuocata.

171 439 241 475 IV.
302 439 434 487 Quem
478 440 600 476 solum
648 437 786 476 merito
829 438 965 475 bonum
1014 437 1242 487 pronuntiat
1282 439 1493 477 dominus:

88 503 200 540 cuius
225 503 410 542 bonitatis
435 511 541 541 totus
568 502 677 541 testis
704 510 762 540 est
790 503 973 548 mundus,
997 516 1115 552 quern
1144 516 1224 541 non
1250 503 1492 552 instituisset,
1517 514 1535 550 5

89 567 163 605 nisi
184 568 313 606 bonus
334 567 480 606 fuisset.
539 580 631 605 narn
657 567 688 605 si
711 568 840 604 omnia
864 568 959 605 bona
990 569 1111 615 ualde,
1135 577 1424 618 consequenter
1449 583 1495 607 ac

90 631 230 670 merito
256 640 295 671 et
319 646 420 682 quae
441 632 619 670 instituta
640 639 730 669 sunt
758 632 864 669 bona
885 632 1036 670 bonum
1064 632 1328 671 institutorem
1357 634 1496 683 proba-

89 705 242 744 uerunt,
266 706 304 736 et
325 712 426 748 quae
446 712 469 736 a
493 698 601 736 bono
626 697 847 735 institutore
875 706 976 745 sunt,
999 699 1107 736 aliud
1132 711 1251 748 quam
1280 699 1385 737 bona
1411 713 1496 738 esse

90 775 170 800 non
192 771 368 812 possunt.
430 777 477 801 ex
504 776 584 812 quo
608 775 728 800 omne
756 764 904 800 malum
925 763 1083 801 facessit
1103 777 1126 801 a
1146 764 1234 801 deo.
1296 777 1368 802 nec
1389 766 1495 802 enim

91 836 220 878 potest
239 829 320 867 fieri
337 837 379 866 ut
393 829 441 866 sit
454 828 626 867 initiator
639 836 707 866 aut
720 827 855 866 artifex
869 827 984 866 ullius
1001 828 1091 866 mali
1107 830 1248 878 operis,
1264 828 1331 878 qui
1349 842 1496 868 nomen

91 893 164 931 sibi
185 893 346 943 perfecti
368 893 544 932 uindicat
571 901 610 931 et
636 892 809 943 parentis
830 901 868 930 et
888 892 1040 940 iudicis,
1064 892 1233 931 maxime
1254 906 1345 931 cum
1367 893 1496 932 omnis

91 957 183 996 mali
217 958 346 1008 operis
380 958 527 996 uindex
565 958 613 996 sit
652 966 690 996 et
729 958 870 1005 iudex3
912 958 1100 1007 quoniam
1141 966 1179 996 et
1217 971 1297 997 non
1336 959 1497 997 aliunde

91 1022 259 1061 occurrit
297 1022 451 1061 homini
491 1024 649 1069 malum,
686 1023 760 1061 nisi
794 1036 817 1061 a
855 1023 964 1062 bono
998 1024 1075 1062 deo
1114 1024 1348 1062 recessisset.
1421 1024 1497 1062 hoc

90 1095 223 1126 autem
244 1088 373 1138 ipsum
395 1088 434 1125 in
456 1087 618 1126 homine
645 1089 877 1126 denotatur:
908 1102 990 1127 non
1015 1089 1107 1138 quia
1133 1102 1296 1128 necesse
1323 1090 1406 1134 fuit,
1428 1090 1497 1128 sed

92 1153 184 1203 quia
222 1152 306 1202 ipse
345 1154 401 1191 sic
433 1152 568 1191 uoluit.
628 1154 734 1191 unde
766 1153 974 1192 manifeste
1009 1162 1046 1192 et
1082 1154 1178 1204 quid
1213 1156 1361 1192 malum
1396 1163 1498 1194 esset

90 1217 282 1267 apparuit,
314 1226 362 1264 et,
395 1231 445 1256 ne
474 1217 625 1255 inuidia
654 1217 693 1254 in
724 1218 801 1256 deo
831 1231 916 1256 esse
946 1218 1155 1263 uideretur,
1187 1233 1209 1256 a
1239 1232 1319 1269 quo
1351 1221 1498 1257 malum

92 1290 221 1320 ortum
252 1290 366 1328 esset,
397 1281 530 1320 eluxit.

316 1415 334 1446 9
357 1405 495 1436 facessat
512 1405 588 1436 edd.
685 1416 720 1445 13
746 1405 916 1436 recessisse
933 1406 1017 1436 coni.
1035 1405 1186 1436 Latinius
1202 1418 1208 1436 :
1230 1406 1282 1447 Ja.

140 1535 170 1555 τ’..
216 1523 434 1562 libertatem]
472 1523 567 1553 Rom.
590 1522 644 1552 viii
666 1533 715 1553 21.

138 1567 198 1598 IV.
252 1567 322 1598 God
343 1568 435 1597 alone
461 1567 489 1596 z's
510 1566 594 1607 good
615 1566 685 1596 and
709 1566 762 1596 the

94 1612 124 1641 A
130 1611 230 1641 uther
242 1610 281 1651 of
290 1610 374 1650 good
383 1620 392 1640 .·
415 1610 483 1640 evil
501 1610 529 1640 is
548 1620 567 1639 a
587 1611 762 1649 departure

81 1654 177 1696 from
218 1654 310 1684 Him.
375 1653 444 1683 God
478 1654 506 1683 z's
545 1653 765 1693 unclzzzaqgring

93 1697 235 1728 without
270 1697 409 1727 increase
439 1707 477 1726 or
509 1696 672 1726 dec-rease:
709 1696 761 1726 ille

83 1740 218 1781 former
252 1740 365 1770 would
397 1739 524 1770 involve
559 1739 678 1778 angria,
711 1739 762 1768 the

95 1785 193 1814 latter
217 1783 310 1813 deallz
325 1793 335 1813 .·
367 1783 424 1812 bnt
455 1783 506 1812 He
536 1782 634 1819 saith,
662 1782 687 1812 l
705 1793 759 1812 am

95 1827 169 1857 tlzal
190 1827 213 1856 l
226 1837 292 1856 am.
338 1826 405 1856 For
426 1826 531 1856 where
554 1826 641 1856 lbere
668 1827 696 1856 is
721 1836 761 1855 no

839 1522 929 1552 Here
969 1522 1024 1553 the
1063 1523 1153 1552 word
1186 1523 1213 1553 is
1247 1523 1435 1563 equivalent
1467 1531 1500 1554 to

836 1565 996 1602 abhorret,
1016 1575 1051 1595 or
1068 1566 1192 1596 recedit.
1240 1566 1306 1596 For
1323 1567 1378 1597 the
1395 1567 1500 1597 literal

837 1619 930 1639 sense
948 1619 998 1649 cp.
1023 1609 1096 1638 Liv.
1114 1609 1123 1639 i
1142 1619 1193 1648 47.
1220 1620 1236 1649 5
1263 1609 1402 1640 ‘facesse
1425 1609 1502 1640 hinc

836 1652 1057 1692 Ta1·quinios.’
1085 1652 1276 1694 proficis-[or
1285 1653 1434 1684 contains
1447 1653 1501 1684 the

837 1705 926 1725 same
944 1701 1025 1725 root.

885 1749 931 1768 12.
979 1738 1052 1769 The
1067 1744 1221 1770 sentence
1234 1739 1260 1770 is
1271 1739 1428 1780 irregular
1445 1739 1503 1770 but

836 1781 1031 1822 expressive,
1075 1782 1159 1813 *evil
1199 1783 1278 1813 does
1320 1788 1377 1813 not
1414 1793 1503 1814 cross

835 1826 939 1855 man⁷s
956 1825 1036 1865 path
1053 1824 1136 1855 srom
1158 1836 1222 1866 any
1245 1825 1339 1856 other
1359 1833 1502 1867 quarter‚

96 1870 197 1905 birth,
211 1870 298 1900 {llere
310 1880 370 1899 can
383 1870 417 1900 be
430 1880 471 1899 no
482 1869 615 1909 change.
646 1869 760 1900 There-

86 1914 164 1954 sore
179 1914 232 1944 He:
247 1914 275 1944 is
303 1914 379 1947 One,
398 1913 451 1942 the
472 1913 627 1952 Sztpreme
641 1913 757 1952 Bez'ng,

97 1957 235 1987 without
246 1967 315 1996 any
325 1956 386 1986 like
399 1960 478 1986 unio
490 1957 529 1986 H
528 1956 573 1986 im
585 1955 666 1996 :for
676 1955 764 1985 there

96 2005 214 2030 cannot
238 2000 271 2030 be
296 2004 359 2029 two
382 1999 535 2037 lnfinz'les
549 2009 559 2029 .·
592 1999 646 2029 He
675 2003 763 2028 must

96 2044 230 2074 contaz'n
258 2043 310 2073 the
338 2042 439 2072 whole
465 2053 503 2072 ον
530 2042 590 2072 else
617 2052 702 2073 [ease
733 2046 762 2072 lo

97 2087 130 2116 be
159 2086 235 2117 God,
298 2086 530 2125 Consequens&
568 2095 608 2115 no
642 2090 765 2125 proper

97 2130 208 2160 Name
225 2129 264 2170 os
281 2129 351 2159 God
371 2139 431 2158 can
453 2129 487 2158 be
507 2129 634 2158 ullered
643 2138 653 2158 .·
667 2127 729 2168 sor
742 2139 762 2158 a

99 2183 196 2203 name
211 2177 299 2202 must
317 2182 407 2202 cover
427 2171 479 2201 tlte
498 2171 667 2202 attributes
683 2181 763 2201 com-

91 2216 287 2257 prehended‚
320 2214 427 2245 which
459 2215 494 2244 in
531 2215 596 2245 this
633 2225 700 2244 case
738 2214 765 2244 is

97 2259 286 2300 impossible.
334 2259 366 2288 T
361 2259 399 2288 lte
412 2258 522 2288 AVame
537 2259 565 2287 is
576 2258 676 2297 given
693 2258 766 2287 that

99 2313 170 2332 men
194 2313 270 2341 may
279 2301 363 2342 find
383 2312 485 2341 marey
504 2301 641 2340 thereby.
670 2300 766 2331 God's

100 2346 317 2385 immortalz‘ly
322 2344 466 2386 follows.

143 2402 172 2428 4.
219 2388 518 2426 solum...bonum]
536 2387 599 2417 Lk.
614 2386 692 2417 xviii
713 2397 760 2428 19.

143 2431 174 2463 6.
221 2433 338 2462 omn-ia
352 2431 457 2469 bona]
493 2431 577 2461 Gen.
597 2430 607 2460 i
626 2440 676 2470 31.

143 2485 174 2516 9.
231 2475 388 2512 facessit]
441 2474 530 2512 (thus
583 2473 599 2504 I
647 2473 765 2504 emend

102 2521 110 2533 ⁴
120 2518 256 2549 facessat
266 2517 284 2558 'J
300 2518 343 2549 ‘is
353 2529 371 2548 a
382 2517 557 2558 departure
567 2516 651 2548 from
665 2516 764 2548 God.’

836 1869 944 1899 unless
968 1868 1009 1899 he
1031 1868 1096 1899 had
1118 1879 1203 1909 gone
1228 1869 1313 1900 back
1338 1869 1421 1900 from
1448 1869 1503 1901 the

835 1912 922 1952 good
941 1912 1040 1943 God)
1087 1913 1132 1943 So
1155 1913 1222 1953 Jer.
1249 1913 1270 1943 ii
1302 1922 1337 1953 19
1359 1912 1503 1943 ‘malum

835 1961 865 1985 et
880 1965 1027 1985 amarum
1039 1960 1087 1986 est
1098 1955 1266 1996 reliquisse
1278 1962 1308 1986 te
1321 1956 1503 1987 Dominum

838 1999 947 2029 Deum
965 1997 1082 2029 tuum.'

885 2051 933 2080 13.
980 2042 1220 2080 hoc...ipsum]
1243 2053 1288 2072 sc.
1312 2042 1503 2073 declension

838 2084 922 2114 from
951 2084 1038 2115 God,
1089 2085 1317 2122 ‘Demeam-J
1346 2085 1394 2116 ‘is
1425 2086 1503 2126 stig-

839 2127 1004 2165 matised,'
1035 2137 1088 2168 cp.
1122 2128 1252 2158 Ecclus.
1285 2128 1339 2158 xix
1369 2139 1384 2168 5
1411 2129 1503 2169 (Vg.)

843 2171 913 2211 ‘qui
927 2171 1048 2211 gaudet
1062 2171 1235 2211 iniquitate
1251 2171 1480 2202 denotabitur'
1495 2184 1503 2210 ;

839 2224 875 2244 or
885 2214 1008 2253 merely
1022 2214 1231 2254 ‘designated
1241 2213 1247 2226 ’
1259 2225 1293 2245 as
1304 2225 1337 2255 p.
1350 2225 1360 2245 1
1372 2215 1440 2256 191.
1454 2225 1465 2245 1
1474 2224 1502 2254 5.

985 2257 1119 2287 ‘Hence
1144 2258 1167 2288 it
1192 2258 1316 2298 plainly
1339 2259 1504 2299 appeared

842 2300 926 2330 what
945 2300 1007 2330 evil
1025 2311 1091 2331 was
1107 2301 1165 2339 [sc.
1189 2301 1244 2331 the
1265 2300 1372 2332 defect
1396 2301 1433 2332 of
1450 2301 1505 2333 the

840 2343 931 2381 will]‚
952 2343 1017 2373 and
1034 2344 1095 2374 lest
1120 2344 1212 2374 there
1235 2344 1354 2375 should
1377 2344 1418 2375 be
1439 2355 1504 2385 any

838 2397 1044 2428 appearance
1072 2386 1109 2417 of
1127 2387 1277 2428 jealousy
1305 2388 1338 2418 in
1366 2388 1454 2426 God,
1481 2389 1505 2419 it

839 2431 974 2460 became
986 2430 1137 2461 manifest
1148 2430 1231 2461 from
1244 2431 1353 2461 whom
1365 2431 1428 2462 evil
1440 2431 1506 2462 had

841 2473 941 2504 taken
958 2473 998 2503 its
1014 2473 1145 2514 origin‚'
1163 2484 1206 2505 sc.
1228 2474 1311 2504 from
1323 2474 1378 2505 the
1392 2475 1502 2512 Devss,

840 2516 916 2547 who
934 2527 998 2547 was
1012 2516 1140 2557 jealous
1157 2517 1195 2547 of
1211 2528 1298 2555 man,
1319 2528 1350 2558 p.
1370 2531 1389 2557 4
1406 2518 1428 2548 1.
1446 2517 1476 2548 6.

887 2267 934 2295 15.

1521 842 1568 865 10
