1727 2734
123 155 301 195 XXVIII]
542 156 614 186 DE
652 155 929 186 TlelNlTATE
960 155 1114 186 LIBER
1450 155 1522 185 101

119 264 145 288 a
177 253 282 289 modo
317 252 434 288 nostis
468 251 589 297 illum,
622 256 657 287 et
685 252 836 288 llz'dtssvlis
865 251 986 297 illum,
1024 264 1105 288 non
1137 250 1192 288 sic
1227 250 1376 289 dixerat
1410 259 1452 290 ut
1487 265 1528 290 se

121 324 271 366 patrem
311 317 429 354 uellet
470 315 652 366 intellegi,
699 317 769 355 sed
808 315 995 366 quoniam
1032 315 1099 365 qui
1139 315 1295 366 penitus
1335 323 1373 354 et
1411 318 1527 367 plene

121 389 270 419 etcum
298 388 381 419 tota
402 382 480 419 fide
508 389 545 419 et
573 388 655 419 tota
682 381 869 431 religione
894 380 1059 419 accessit
1079 382 1130 419 ad
1152 380 1215 419 dei
1243 380 1378 428 filium,
1405 382 1529 420 omni-

120 445 194 483 bus
227 445 355 484 modis
391 459 458 495 per
493 445 621 496 ipsum
654 446 788 493 filium,
822 447 860 483 in
892 458 1010 495 quem
1044 445 1098 483 sic
1128 445 1263 492 credit,
1295 447 1345 484 ad
1376 454 1526 496 patrem

118 519 378 560 peruenturus
406 511 464 558 sit,
488 512 740 561 eundemque
768 513 932 549 uisurus.
993 524 1097 548 nemo
1118 512 1228 557 em'm,
1253 511 1390 562 inquit,
1404 518 1530 561 potest
1549 523 1568 561 5

118 576 249 613 uenire
277 577 332 612 ad
344 581 496 624 patrem
529 578 607 614 m'sz'
621 583 697 626 per
724 590 789 615 me.
849 583 886 614 et
913 575 1004 614 ideo
1034 577 1084 614 ad
1114 584 1265 625 patrem
1296 578 1416 615 deum
1445 591 1525 616 non

116 647 271 678 tantum
300 649 488 679 uenturus
519 649 587 688 est,
620 649 657 680 et
687 641 914 690 cogniturus
944 641 1074 690 ipsum
1105 648 1267 690 patrem,
1305 643 1374 680 sed
1406 642 1523 680 etiam

116 706 174 743 sic
195 713 327 744 tenere
348 706 477 752 debet,
501 714 620 756 atque
647 706 700 744 ita
727 706 860 744 animo
887 719 933 743 ac
961 713 1094 744 mente
1121 719 1383 755 praesumere,
1413 708 1525 756 quasi

118 770 196 808 iam
217 771 371 809 nouerit
392 779 542 820 patrem
564 771 706 821 pariter
727 780 764 810 et
786 771 939 809 uiderit.

200 837 324 886 Saepe
352 837 458 875 enim
483 837 670 887 scriptura
699 837 844 885 diuina,
869 851 970 887 quae
991 839 1171 876 nondum
1194 839 1295 875 facta
1320 852 1389 888 pro
1418 839 1528 877 factis
1554 855 1598 878 10

113 901 336 947 annuntiat,
369 901 460 951 quia
490 902 544 940 sic
575 903 702 940 futura
733 909 834 949 sunt,
869 910 907 941 et
937 915 1039 952 quae
1069 902 1255 940 omnibus
1287 903 1415 941 modis
1446 903 1527 941 fieri

117 967 278 1013 habent,
310 980 390 1005 non
421 967 532 1017 quasi
564 969 691 1005 futura
722 967 810 1015 sint,
842 968 1053 1018 praedicat,
1081 969 1150 1006 sed
1176 968 1287 1018 quasi
1311 970 1413 1007 facta
1438 969 1524 1015 sint,

118 1041 257 1071 narrat.
317 1033 491 1082 denique
527 1047 617 1071 cum
653 1035 832 1072 nondum
869 1033 1115 1083 temporibus
1151 1033 1277 1071 Isaiae
1311 1034 1527 1083 prophetae

118 1097 298 1137 Christus
320 1106 434 1136 natus
455 1098 602 1145 fuisset,
621 1100 713 1146 quia
730 1105 838 1147 puer,
861 1098 1002 1145 aiebat,
1023 1104 1139 1136 natus
1158 1105 1214 1136 est
1232 1100 1353 1146 720l22’s;
1380 1106 1418 1137 et
1435 1112 1526 1137 cum

117 1161 299 1198 nondum
319 1174 523 1199 accessum
545 1168 646 1199 esset
667 1162 718 1198 ad
741 1160 919 1206 Mariam,
943 1166 980 1198 et
1004 1161 1135 1198 accessi
1158 1163 1213 1198 ad
1228 1162 1524 1210 prophetissam,
1554 1176 1594 1213 15

115 1225 287 1272 dicebat,
314 1231 351 1263 et
378 1228 544 1275 concepit,
575 1233 611 1263 el
626 1228 777 1275 peperit
788 1227 935 1276 filium.
995 1233 1033 1264 et
1063 1239 1153 1264 cum
1185 1228 1365 1265 nondum
1396 1228 1525 1264 sinum

117 1291 238 1341 patris
269 1291 449 1330 Christus
481 1291 736 1341 exposuisset,
769 1291 983 1329 referebat:
1023 1297 1059 1328 et
1088 1297 1247 1329 uocatur
1283 1306 1414 1329 nomen
1448 1293 1528 1330 eius

118 1358 254 1405 magni
279 1357 429 1395 consilii
452 1359 617 1405 angelus.
677 1364 715 1394 et
741 1370 831 1394 cum
864 1357 1045 1394 nondum
1075 1356 1211 1395 fuisset
1241 1371 1389 1406 passus,
1418 1359 1534 1406 quasi

630 1475 665 1506 17
685 1466 857 1497 uocabitur
873 1477 954 1496 corr.
973 1466 1024 1507 Ja.

168 1583 194 1602 1.
234 1580 256 1602 a.
278 1571 392 1609 modo]
410 1570 641 1601 ‘hencesorth.‘
687 1571 787 1601 From
857 1581 885 1601 c.
911 1582 987 1608 xxx,
1015 1581 1046 1612 p.
1072 1581 1142 1610 114.
1162 1581 1202 1601 20
1229 1570 1386 1601 ‘humani
1411 1572 1529 1603 erroris

118 1615 258 1645 Tertull.
279 1615 356 1645 adu.
375 1615 478 1644 Pras.
506 1615 579 1644 xxvi
605 1614 627 1644 it
653 1614 678 1644 is
699 1614 788 1655 plain

118 1658 189 1689 that
222 1659 277 1689 the
306 1658 544 1698 Patripassians
576 1658 675 1688 based
705 1657 790 1688 their

116 1702 257 1742 opinion
285 1701 408 1742 largely
436 1711 478 1731 on
510 1701 574 1731 this
601 1711 727 1731 answer
756 1706 789 1731 to

118 1746 159 1777 St
178 1745 298 1785 Philip,
312 1744 500 1785 forgetting,
514 1755 549 1775 as
566 1744 606 1774 he
620 1755 704 1784 says,
719 1744 789 1774 that

123 1793 129 1804 ‘
145 1800 181 1819 so
212 1799 310 1828 many
349 1788 439 1829 plain
478 1794 788 1828 pronouncementS,

119 1832 317 1862 antecedent
337 1832 401 1861 and
419 1831 599 1871 following,
617 1832 714 1862 could
733 1836 789 1861 not

121 1876 162 1906 be
185 1875 379 1906 overturned
405 1876 448 1916 by
470 1885 532 1905 one
555 1880 623 1905 text
649 1875 789 1914 (sermo).

118 1918 321 1959 interpreted
345 1923 402 1948 not
427 1919 505 1958 only
529 1918 559 1948 in
586 1918 641 1948 the
664 1918 734 1948 sace
758 1917 794 1948 os

122 1962 224 1997 them,
239 1963 296 1992 but
310 1961 346 1991 of
359 1962 400 1992 its
413 1972 487 1992 own
505 1961 594 2001 plain
612 1960 790 2001 meaning.²

123 2005 185 2046 Cp.
208 2016 239 2035 n.
257 2016 300 2035 on
318 2005 382 2042 xxi,
402 2015 436 2045 p.
457 2004 534 2044 761.
558 2016 583 2035 1.

169 2058 198 2087 3.
252 2050 413 2079 omnibus
455 2048 582 2086 modis]
626 2047 791 2088 ‘wholly‚'

127 2092 329 2132 ‘certainly.'
356 2102 390 2121 as
416 2092 448 2121 in
472 2091 492 2121 1.
527 2101 558 2121 11
591 2091 718 2121 below:
751 2101 792 2120 an

121 2136 213 2175 early
256 2135 353 2165 Latin
396 2134 499 2165 idiom
542 2134 684 2169 revived,
726 2133 793 2164 like

122 2179 222 2209 miris
245 2179 347 2209 modis
371 2177 408 2208 of
429 2178 524 2208 Lucr.
551 2178 559 2207 i
589 2188 657 2217 1²3·

171 2232 200 2261 5.
245 2223 296 2262 Jo.
318 2221 372 2252 xiv
389 2221 420 2252 6.

170 2267 200 2296 8.
246 2263 485 2302 praesumere]
510 2263 586 2294 here
604 2264 723 2304 simply
745 2266 795 2293 ‘to

125 2307 327 2349 anticipate.’
375 2307 552 2346 Generally
570 2308 594 2337 it
612 2317 723 2337 means
742 2308 796 2337 ‘to

125 2352 204 2383 take
226 2352 275 2382 for
296 2349 458 2392 granted,'
481 2350 560 2381 with
582 2361 624 2380 an
649 2350 796 2390 implica·

126 2395 197 2426 tion
217 2395 254 2426 of
272 2395 368 2435 hasty
389 2404 425 2424 or
446 2393 633 2424 sels-willed
650 2403 795 2433 assump-

126 2439 222 2476 tion3
257 2438 333 2468 thus
364 2438 396 2468 in
424 2437 563 2467 Tertull.
595 2437 632 2467 de
666 2437 796 2467 Tcslim.

127 2482 273 2512 Animae
308 2481 339 2511 iv
380 2481 489 2511 ‘cuius
527 2479 797 2520 (resurrectionis)

127 2535 188 2555 nos
202 2529 465 2566 praesumptores
482 2524 693 2554 denotamur’
709 2536 715 2554 ;
733 2523 799 2554 and

858 1614 1136 1655 praesumptione,
1170 1624 1235 1654 qua
1273 1614 1428 1645 haeretici
1459 1626 1529 1646 esse

859 1656 1056 1688 uoluerunt.⁷

908 1711 953 1732 11.
1003 1702 1079 1730 fieri
1102 1700 1248 1738 habent]
1275 1702 1347 1732 ‘are
1371 1701 1472 1732 about
1496 1708 1529 1732 to

858 1744 1016 1785 happen.⁷
1045 1744 1111 1773 For
1123 1744 1188 1774 this
1200 1744 1344 1784 analytic
1357 1744 1462 1775 future
1476 1756 1527 1786 cp.

860 1787 999 1818 Tertull.
1020 1787 1070 1817 l.c.
1090 1791 1096 1802 ¹
1111 1797 1185 1817 eum
1203 1787 1259 1828 qui
1280 1788 1369 1818 nasci
1385 1788 1529 1819 habebat

859 1841 877 1861 a
891 1831 1028 1870 uirgine,
1045 1830 1086 1860 ab
1100 1830 1171 1871 ipso
1184 1831 1370 1861 annuntiari
1387 1831 1530 1872 angelo.'

861 1874 922 1915 Cp.
940 1884 968 1904 c.
987 1873 1075 1910 xviii,
1096 1884 1128 1914 p.
1148 1873 1200 1912 64.
1219 1886 1248 1912 4.

908 1928 954 1958 13.
991 1917 1155 1955 demque]
1177 1918 1460 1959 ‘Accordingly'3
1478 1929 1530 1959 cp.

861 1961 961 1997 xxvii,
982 1971 1014 2001 p.
1034 1970 1086 2000 97.
1109 1971 1156 1990 12.

910 2014 957 2043 14.
1007 2004 1049 2034 Is.
1068 2004 1100 2033 ix
1117 2004 1147 2034 6.

910 2056 958 2085 15.
1007 2047 1050 2077 Is.
1071 2046 1126 2076 viii
1145 2057 1174 2086 3.

911 2089 958 2121 16.
1007 2091 1124 2120 sinum
1156 2092 1270 2126 patris
1300 2092 1534 2129 exposuisset]

864 2144 914 2174 cp.
937 2133 1015 2163 xviii
1033 2144 1064 2173 p.
1083 2132 1133 2163 68.
1156 2146 1185 2171 4,
1206 2139 1292 2164 note.

912 2186 959 2216 17.
1009 2176 1171 2213 uocatur]
1202 2187 1237 2206 as
1266 2177 1363 2207 LXX
1390 2178 1534 2207 καλεῖται

866 2219 924 2259 (Is.
958 2220 989 2249 ix
1023 2219 1075 2258 6):
1113 2219 1167 2249 the
1199 2219 1255 2250 old
1287 2220 1430 2251 editions
1460 2221 1534 2260 give

866 2262 1069 2293 ‘uocabitur‘
1084 2262 1132 2300 (as
1146 2262 1177 2292 in
1195 2263 1322 2303 Vulg.).
1357 2263 1429 2294 The
1443 2274 1535 2294 sense

865 2307 1026 2337 demands
1039 2306 1094 2336 the
1108 2312 1250 2346 present,
1268 2307 1534 2347 ‘pracsensfulu-

866 2348 1013 2385 7¹ascms‚’
1042 2349 1219 2389 according
1250 2355 1283 2380 to
1314 2350 1368 2380 the
1401 2350 1537 2381 writer's

867 2398 1048 2433 argument.
1101 2393 1268 2432 Similarly
1288 2393 1406 2431 below,
1429 2394 1472 2424 Is.
1490 2394 1537 2424 liii

870 2444 899 2475 7,
918 2436 1160 2476 iugulatimzem
1184 2436 1210 2466 is
1231 2447 1250 2466 a
1274 2447 1387 2467 nearer
1404 2437 1535 2477 equiva-

868 2479 937 2510 lent
965 2479 1001 2509 of
1028 2479 1124 2510 LXX
1153 2480 1296 2518 σφαγήν,
1325 2480 1404 2511 than
1434 2481 1532 2521 Vulg.

873 2524 880 2538 ‘
893 2522 1114 2554 occisionem.⁷
