1727 2734
133 136 232 174 XIX]
546 137 617 167 DE
652 138 931 168 TRJNJTATE
962 138 1116 168 LlBElt'
1482 138 1529 179 71

134 245 223 270 cum
257 246 336 282 quo
366 232 587 270 luctabatur
617 232 725 270 sortis
755 232 964 276 inuenitur,
988 240 1025 270 et
1056 232 1376 271 benedictionem
1407 235 1458 271 ab
1488 250 1536 273 eo

134 310 254 346 quem
275 297 478 335 detinebat
499 298 670 346 postulat
691 297 783 346 quia
803 296 880 334 iam
902 296 1037 334 lucifer
1058 297 1188 339 oritur,
1206 297 1296 335 ideo
1318 300 1536 347 postulasse

134 362 332 411 reperitur,
371 361 443 399 nisi
478 361 666 410 quoniam
702 361 1036 411 praefigurabatur
1068 361 1272 399 contentio
1306 363 1403 400 haec
1437 363 1537 401 inter

135 425 337 464 Christum
372 433 410 463 et
451 425 550 463 filios
591 425 713 463 Iacob
752 426 890 471 futura,
932 438 1033 474 quae
1072 425 1111 462 in
1150 425 1356 475 euangelio
1395 427 1537 465 dicitur

134 492 337 540 perfecta?
397 498 533 528 contra
555 491 660 528 hunc
681 490 786 528 enirn
809 490 1011 528 hominem
1033 492 1268 529 colluctatus
1288 499 1346 529 est
1366 494 1536 542 populus

135 556 269 602 Iacob,
287 555 324 593 in
339 568 417 605 qua
431 555 711 594 colluctatione
728 555 925 606 potentior
941 557 1110 605 populus
1127 564 1185 594 est
1203 557 1326 595 Iacob
1348 567 1533 607 repertus,

134 621 282 672 quippe
311 634 401 659 cum
432 623 621 660 aduersus
649 621 851 660 Christum
882 621 1097 671 iniquitatis
1128 635 1221 660 suae
1252 622 1456 661 uictoriam
1488 625 1535 662 sit

133 694 395 725 consecutus:
431 700 510 737 quo
546 687 584 724 in
616 695 804 736 tempore,
842 695 1000 736 propter
1034 687 1185 725 facinus
1217 689 1325 737 quod
1364 689 1533 737 admisit,

133 752 288 790 incessu
317 751 409 790 fidei
436 751 614 801 propriae
642 760 679 790 et
707 751 841 789 salutis
866 752 1087 790 claudicare
1113 752 1343 802 grauissime
1364 753 1536 793 incertus

131 824 169 854 et
193 815 364 853 lubricus
389 815 536 865 coepit:
567 815 646 864 qui,
669 815 851 864 quamuis
879 815 1053 865 superior
1074 817 1304 854 damnando
1333 818 1534 856 Christum

131 889 317 930 repertus,
350 888 436 930 eget
475 889 606 918 tamen
646 880 768 929 ipsius
804 879 1080 927 misericordia,
1117 889 1204 930 eget
1243 890 1374 920 tamen
1414 882 1535 932 ipsius

131 946 421 984 benedictione.
481 947 551 984 sed
582 946 686 984 enim
720 946 783 984 hic
815 947 947 991 homo,
980 946 1046 995 qui
1082 960 1172 984 cum
1209 949 1332 986 Iacob
1366 950 1534 986 luctatus

132 1019 212 1048 est:
244 1024 330 1057 non,
362 1010 499 1060 inquit,
529 1012 726 1048 uocabitur
753 1013 867 1048 eliam
896 1024 998 1048 mmc
1025 1024 1155 1048 nomen
1185 1017 1292 1049 tuum
1322 1014 1444 1060 Iacob,
1473 1015 1540 1051 sed

130 1077 260 1113 Israel
281 1076 352 1112 erit
377 1088 509 1112 nomen
537 1081 657 1112 suum.
716 1088 762 1113 ac
790 1077 819 1112 si
850 1076 969 1113 Israel
997 1084 1055 1113 est
1083 1077 1204 1114 homo
1235 1076 1375 1115 uidens
1400 1079 1531 1125 deum,

130 1143 329 1191 eleganter
358 1141 594 1178 ostendebat
626 1140 812 1179 dominus
844 1142 953 1190 quod
983 1154 1064 1178 non
1092 1148 1245 1179 tantum
1272 1143 1394 1180 homo
1418 1151 1531 1189 esset,

130 1206 199 1256 qui
232 1206 521 1244 colluctabatur
559 1214 653 1243 tunc
692 1219 781 1243 curn
824 1206 957 1253 Iacob,
999 1208 1069 1244 sed
1109 1214 1146 1245 et
1185 1208 1294 1245 deus.
1371 1208 1533 1247 uidebat

131 1271 267 1321 utique
289 1273 408 1310 deum
432 1271 566 1316 Iacob,
590 1284 680 1309 cum
703 1284 783 1320 quo
804 1272 1102 1317 colluctabatur,
1127 1273 1308 1322 quamuis
1329 1274 1532 1313 hominem

129 1336 251 1386 ipsius
273 1338 311 1374 in
333 1336 613 1375 colluctatione
634 1336 826 1373 retineret.
886 1344 924 1374 et
946 1347 987 1374 ut
1008 1339 1115 1375 nulla
1134 1339 1266 1376 adhuc
1290 1348 1424 1389 posset
1448 1354 1533 1379 esse

130 1403 336 1449 dubitatio,
359 1401 723 1452 interpretationem
745 1401 827 1451 ipse
849 1402 980 1451 posuit
1001 1402 1190 1441 dicendo:
1216 1406 1308 1452 quia
1328 1406 1539 1444 inualm'sti

129 1482 210 1506 cum
240 1470 313 1511 deo,
349 1473 384 1505 et
410 1481 492 1505 cum
522 1467 737 1504 hominibus
761 1473 898 1516 patens
930 1481 975 1504 es.
1046 1469 1099 1505 ob
1130 1482 1246 1518 quam
1279 1483 1437 1508 causam
1470 1471 1533 1510 hic

130 1533 236 1572 idem
283 1533 406 1571 Iacob
452 1532 683 1581 intellegens
721 1531 798 1568 iam
838 1531 918 1569 uim
959 1532 1203 1580 sacramenti,
1245 1541 1284 1571 et
1322 1535 1533 1583 peruidens

129 1597 402 1636 auctoritatem
428 1597 511 1635 eius
532 1610 623 1635 cum
645 1610 725 1646 quo
746 1598 915 1635 luctatus
936 1597 1082 1645 fuisset,
1105 1612 1252 1636 nomen
1273 1599 1350 1637 loci
1370 1599 1472 1639 illius
1492 1601 1532 1639 in

129 1676 209 1712 quo
226 1664 460 1701 colluctatus
477 1670 544 1708 est,
564 1661 723 1699 uocauit
744 1662 926 1699 m'simzem
947 1664 1014 1700 dei.
1062 1663 1318 1713 superstruxit
1333 1673 1533 1714 praeterea

129 1743 267 1768 causas
305 1730 357 1766 ad
395 1727 757 1777 interpretationem
803 1728 964 1764 visionis
1007 1729 1069 1765 dci
1106 1729 1405 1778 porrigendam:
1450 1733 1538 1768 uidi

253 1835 288 1862 ¹4
313 1823 448 1854 uincens
464 1823 545 1852 coni.
567 1822 639 1852 We.
764 1831 803 1861 24
826 1821 961 1852 uisionis
977 1833 1038 1853 om.
1060 1823 1206 1863 priores:
1232 1824 1295 1854 ins.
1316 1824 1389 1855 We.

127 1905 160 1936 in
198 1905 252 1935 the
284 1904 398 1934 notion
431 1903 466 1933 of
495 1903 685 1943 iniquilatis
715 1913 793 1932 suae

127 1949 308 1985 uictoriam,
339 1947 394 1977 the
426 1945 564 1977 ‘man's’
591 1945 793 1986 unqualitied

127 1990 408 2029 commendation)
435 1996 596 2021 contrasts
627 1989 706 2019 with
738 1989 793 2019 the

127 2035 191 2066 fine
229 2034 431 2075 application
466 2033 503 2063 of
533 2033 587 2063 the
622 2038 722 2072 story,
759 2033 792 2062 in

128 2078 266 2110 Charles
286 2075 444 2116 NVesley’s
468 2077 570 2116 hymn
600 2076 732 2113 ‘C01ne,
761 2075 792 2106 O

128 2122 225 2152 Thou
257 2120 425 2151 Traveller
450 2119 644 2155 unknown‚’
673 2124 706 2149 to
738 2119 793 2149 the

127 2165 293 2197 Christian
306 2165 337 2194 in
350 2174 475 2204 prayer.
493 2164 565 2193 The
578 2167 584 2178 ⁴
594 2162 682 2193 ideo‘
695 2163 793 2192 refers

127 2209 211 2240 back
231 2214 265 2238 to
282 2208 336 2238 the
357 2207 449 2247 ‘quia
462 2207 526 2236 iarn
540 2206 653 2236 lucifer
666 2205 792 2243 oritur,’

128 2259 185 2283 not
209 2251 348 2281 forward
370 2256 403 2280 to
423 2249 477 2280 the
504 2249 578 2279 ‘nisi
608 2248 791 2289 quoniam.’

129 2296 159 2327 It
177 2305 315 2336 appears
337 2293 499 2324 therefore
522 2293 591 2323 that
615 2293 657 2322 N.
676 2292 792 2322 under-

127 2338 223 2370 stood
244 2337 373 2368 ‘lucifer
386 2335 503 2367 oritur'
515 2342 549 2366 to
564 2337 603 2366 be
614 2346 632 2366 a
644 2335 793 2376 mystical

126 2382 295 2424 prophecy
311 2381 348 2411 of
361 2380 416 2411 the
433 2380 565 2419 coming
581 2379 617 2409 of
631 2379 752 2410 Christ.

170 2435 199 2467 9.
249 2426 388 2455 incessu
425 2423 563 2461 fidei...]
601 2426 607 2438 ‘
622 2423 727 2463 began
760 2428 793 2452 to

126 2469 195 2500 halt
212 2473 297 2499 most
313 2467 470 2506 seriously
487 2467 519 2496 in
537 2467 591 2496 the
608 2467 674 2506 gait
697 2465 734 2496 of
753 2466 794 2495 its

127 2523 202 2544 own
226 2511 306 2542 saith
330 2511 395 2541 and
419 2510 591 2546 salvation,
614 2509 795 2549 stumbling

863 1902 925 1932 and
945 1902 1089 1943 slipping
1106 1903 1138 1933 in
1156 1904 1196 1933 its
1213 1905 1352 1934 course.'

911 1956 956 1984 14.
1004 1948 1128 1976 uidens
1156 1948 1273 1985 deum]
1305 1957 1340 1978 so
1371 1948 1467 1979 Philo
1494 1950 1531 1979 de

863 1989 990 2019 Abral'z.
1021 2001 1051 2030 p.
1080 1991 1141 2029 358
1163 1988 1299 2029 Ἰσραὴλ
1325 1991 1531 2030 ἑρμηνεύεται

862 2032 940 2071 ὁρῶν
973 2033 1069 2063 Θεόνε
1109 2044 1150 2063 an
1190 2033 1439 2074 interpretation
1473 2042 1529 2066 not

862 2076 1018 2116 accepted
1037 2076 1146 2116 hythe
1166 2077 1336 2107 moderns:
1357 2088 1386 2108 v.
1404 2079 1529 2109 critical

862 2125 949 2149 note.

910 2172 956 2202 17·
1007 2163 1228 2201 quamuis...]
1253 2163 1394 2204 ‘though
1417 2164 1441 2195 it
1464 2176 1531 2196 was

862 2215 881 2235 a
903 2216 981 2261 inan
1007 2206 1077 2236 that
1102 2206 1142 2236 he
1167 2216 1233 2236 was
1256 2206 1394 2248 holding
1420 2208 1451 2238 in
1480 2209 1531 2239 his

886 2259 909 2278 ri
924 2260 945 2279 ³.

862 2259 883 2289 g
909 2260 956 2322 ir.
1019 2294 1231 2328 intellegens
1280 2295 1352 2323 iam
1400 2295 1531 2334 uim...]

867 2336 1016 2376 ‘coming
1048 2342 1080 2366 to
1113 2337 1263 2376 perceive
1292 2337 1347 2367 the
1376 2339 1533 2379 meaning

863 2378 901 2409 of
921 2379 976 2409 the
1000 2386 1152 2419 mystery‚
1177 2380 1240 2410 and
1267 2381 1474 2421 penetrating
1499 2388 1533 2412 to

864 2422 919 2453 the
951 2422 1089 2462 majesty
1117 2422 1154 2453 of
1183 2422 1264 2453 Him
1289 2424 1367 2454 with
1397 2424 1532 2463 whom‚⁷

863 2471 924 2496 etc.
967 2466 1031 2496 For
1049 2471 1302 2505 sacramentum,
1323 2477 1378 2498 see
1396 2475 1473 2499 note
1489 2479 1532 2499 on

863 2519 895 2550 p.
918 2518 947 2548 5.
966 2510 996 2540 8.

1557 503 1575 539 5

1561 829 1605 852 10

1558 1157 1601 1195 Ι5

1555 1487 1603 1511 20
