1727 2734
181 496 200 533 5

159 820 205 843 10

160 1146 202 1183 15

159 1471 206 1494 20

226 127 283 168 90
783 125 851 156 ΝΟ
862 125 917 155 VA
928 125 1075 155 TJANJ
1499 124 1630 163 [XXIV

225 223 285 270 sit,
312 223 408 260 dum
437 233 516 258 non
547 218 814 269 principaliter
844 218 945 255 filius
975 217 1039 256 dei
1070 226 1139 256 est.
1198 225 1317 267 atque
1348 217 1438 256 ideo
1470 217 1633 267 disposi-

225 288 375 326 tionem
414 286 529 323 istam
567 286 730 333 angelus
768 283 910 321 uidens
944 290 982 321 et
1021 282 1201 321 ordinem
1241 282 1358 321 istum
1398 282 1631 321 sacramenti

226 351 451 401 expediens,
485 362 566 386 non
599 348 654 386 sic
686 355 829 385 cuncta
861 348 1111 384 confundens
1150 354 1192 384 ut
1231 348 1382 384 nullum
1422 346 1631 396 uestigium

225 415 489 455 distinctionis
510 411 722 458 collocarit,
741 411 1037 450 distinctionem
1054 411 1196 461 posuit,
1214 411 1388 450 dicendo
1405 427 1411 449 :
1428 417 1632 461 propterea

224 485 259 517 et
285 481 388 529 quod
414 483 590 515 nascetur
614 490 660 513 ex
691 482 723 513 te
751 480 933 521 sanctum,
963 477 1162 513 uocabitur
1177 476 1293 524 filius
1315 477 1398 513 dei:
1427 490 1478 514 ne
1502 476 1533 514 si
1558 476 1633 514 dis-

225 544 481 584 tributionem
507 542 621 579 istam
649 554 739 579 cum
770 540 1014 578 libramentis
1042 540 1120 578 suis
1148 553 1228 578 non
1257 540 1533 590 dispensasset,
1562 542 1633 579 sed

224 609 265 647 in
297 610 465 647 confuso
496 606 727 657 permixtam
760 605 991 655 reliquisset,
1024 619 1113 644 vere
1143 605 1395 644 occasionem
1425 605 1633 644 haereticis

225 673 466 719 contulisset,
497 680 538 709 ut
569 669 740 709 hominis
773 670 908 715 filium,
939 683 1016 719 qua
1048 671 1169 708 homo
1196 678 1265 716 est,
1295 671 1467 708 eundem
1499 678 1537 708 et
1568 670 1633 709 dei

225 747 264 778 et
293 738 466 777 hominis
496 737 618 774 filium
652 734 905 785 pronuntiare
945 735 1147 773 deberent.
1220 748 1326 773 nunc
1357 743 1489 773 autem
1521 735 1635 785 parti-

225 805 415 844 ticulatim
457 814 670 852 exponens,
711 808 791 838 tam
832 800 963 849 magni
1008 800 1241 838 sacramenti
1290 800 1470 838 ordinem
1514 808 1634 850 atque

225 869 417 908 rationem
446 867 651 906 euidenter
678 865 876 915 expressit,
900 873 942 902 ut
963 864 1121 911 diceret,
1150 869 1185 902 et
1208 866 1310 913 quod
1333 878 1380 902 ex
1407 871 1439 901 te
1463 870 1638 902 nascetur

225 940 408 979 sanctum,
439 934 638 970 uocabitur
658 932 772 979 filius
805 931 875 975 dei,
908 931 1081 980 probans
1114 930 1302 979 quoniam
1340 929 1441 967 filius
1476 929 1540 968 dei
1570 931 1635 968 de-

226 999 403 1038 scendit:
435 997 502 1048 qui
529 998 625 1035 dum
654 996 777 1034 filium
806 995 978 1034 hominis
1003 995 1042 1033 in
1070 1009 1111 1034 se
1139 996 1323 1046 suscepit,
1345 1003 1636 1045 consequenter

225 1066 335 1104 illum
368 1065 491 1102 filium
522 1063 585 1101 dei
617 1062 733 1107 fecit3
774 1061 962 1111 quoniam
994 1061 1104 1099 illum
1135 1061 1237 1099 filius
1268 1061 1340 1100 sibi
1373 1061 1437 1100 dei
1469 1060 1635 1099 sociauit

227 1138 265 1170 et
295 1130 430 1173 iunxit,
468 1138 509 1167 ut
544 1130 641 1166 dum
677 1127 779 1164 filius
815 1126 986 1164 hominis
1018 1128 1205 1165 adhaeret
1239 1127 1278 1164 in
1314 1126 1519 1164 natiuitate
1553 1125 1634 1164 filio

226 1196 302 1241 dei,
321 1196 405 1245 ipsa
421 1193 681 1244 permixtione
702 1193 943 1230 faeneratum
966 1199 1003 1230 et
1026 1200 1248 1229 mutuatum
1269 1199 1430 1236 teneret,
1457 1192 1566 1240 quod
1589 1204 1635 1228 ex

226 1269 364 1298 natura
395 1258 551 1309 propria
581 1257 782 1307 possidere
813 1269 893 1294 non
925 1264 1068 1306 posset.
1127 1270 1173 1294 ac
1200 1256 1255 1294 sic
1286 1257 1386 1294 facta
1418 1264 1477 1293 est
1506 1254 1635 1304 angeli

226 1339 337 1371 uoce,
362 1325 470 1374 quod
498 1324 638 1361 nolunt
666 1321 862 1367 haeretici,
885 1321 986 1359 inter
1013 1321 1135 1358 filium
1164 1321 1227 1359 dei
1255 1320 1518 1369 hominisque,
1542 1333 1633 1358 cum

226 1404 297 1429 sua
335 1399 467 1428 tamen
499 1387 728 1428 sociatione,
759 1386 973 1432 distinctio,
1008 1387 1185 1436 urgendo
1215 1386 1301 1423 illos
1331 1385 1388 1423 uti
1418 1385 1632 1431 Christum,

227 1455 399 1493 hominis
441 1453 562 1490 filium
602 1451 817 1497 hominem,
859 1450 1088 1500 intellegant
1128 1464 1287 1500 quoque
1327 1450 1391 1488 dei
1430 1449 1564 1497 filium,
1597 1457 1636 1488 et

228 1519 431 1558 hominem
468 1517 531 1556 dei
564 1516 700 1562 filium,
733 1516 773 1553 id
805 1524 862 1554 est
894 1515 957 1554 dei
990 1517 1154 1554 uerbum
1192 1516 1308 1566 (sicut
1338 1515 1527 1564 scriptum
1559 1514 1635 1565 est)

294 1608 312 1634 4
337 1593 520 1632 collocarit]
538 1593 644 1623 -aret?
788 1602 806 1633 9
831 1597 861 1623 et
881 1592 1024 1623 hominis
1041 1604 1113 1623 unc.
1136 1593 1211 1623 incl.
1236 1593 1308 1623 We.
1454 1603 1489 1632 15
1515 1592 1634 1622 natiui-

228 1655 330 1680 tatem
348 1660 370 1688 ’γ
389 1649 450 1678 Pa:
478 1654 523 1678 -te
540 1658 620 1678 corr.
642 1647 690 1687 Ja.
830 1657 865 1677 21
894 1646 927 1677 id
945 1652 992 1677 est
1010 1647 1064 1677 dei
1081 1647 1218 1677 uerbum
1232 1657 1270 1676 ex
1287 1658 1306 1677 α
1323 1647 1429 1687 suppl.
1449 1647 1511 1677 Pa:
1536 1646 1570 1677 id
1587 1650 1637 1677 est

228 1704 366 1734 uerbum
383 1714 415 1741 Ύ.

281 1781 304 1801 1.
359 1768 637 1806 dispositionem]
675 1778 709 1798 as
737 1778 769 1808 p.
798 1778 847 1807 53.
881 1778 895 1806 7
971 1767 1046 1797 ‘He
1067 1767 1144 1798 held
1167 1777 1210 1797 on
1227 1767 1315 1805 loan,
1337 1767 1378 1806 by
1397 1766 1451 1797 the
1472 1776 1549 1806 very
1571 1765 1636 1796 fact

234 1813 489 1854 ‘blasphemiam
512 1811 729 1852 dispositione
751 1810 897 1851 legitima
968 1811 1002 1841 of
1021 1810 1075 1841 the
1087 1811 1200 1845 union,
1215 1810 1285 1841 that
1306 1810 1411 1840 which
1429 1809 1466 1839 of
1481 1809 1544 1839 His
1561 1819 1636 1839 own

231 1863 446 1898 congruenter
464 1855 637 1885 refutauit.⁷
967 1859 1081 1884 nature
1110 1854 1166 1884 He
1197 1864 1262 1884 was
1294 1858 1350 1884 not
1381 1858 1570 1893 competent
1602 1857 1638 1882 to

276 1912 304 1931 2.
338 1899 565 1937 sacramenti]
578 1898 630 1929 ch.
644 1897 733 1934 xxiii,
749 1908 781 1937 p.
797 1895 849 1928 86.
868 1907 896 1936 7.
967 1897 1118 1938 possess.’

277 1955 304 1984 3.
352 1942 553 1980 expediens]
571 1939 809 1981 ‘developing’
828 1945 897 1971 ‘ex-
1015 1942 1062 1971 18.
1109 1948 1187 1970 eum
1209 1948 1274 1970 sua
1292 1943 1411 1970 tamen
1430 1938 1637 1977 sociatione]

231 1985 412 2029 plaining':
436 1997 486 2026 cp.
515 1996 545 2026 p.
569 1985 666 2016 1101.
694 1995 708 2023 7
732 1983 896 2024 ‘regulam
968 1988 1036 2024 ‘yet
1062 1984 1140 2014 with
1165 1984 1219 2014 the
1244 1994 1362 2024 proper
1384 1982 1580 2013 association
1604 1981 1642 2012 of

232 2030 378 2062 ueritatis
392 2029 523 2070 expedit
535 2029 541 2041 ’
557 2040 562 2058 :
580 2029 616 2058 de
627 2028 735 2058 Laud.
749 2028 895 2066 lllarlyr.
968 2027 1023 2057 the
1042 2027 1148 2057 Two-³

232 2075 264 2105 iv
279 2078 372 2104 ‘tunc
384 2083 481 2103 omne
496 2072 570 2102 fidei
588 2073 686 2101 robur
697 2069 897 2111 expeditur':
1018 2080 1064 2111 19.
1111 2070 1282 2108 urgendo]
1320 2080 1338 2100 a
1372 2069 1483 2100 modal
1517 2079 1572 2099 use
1604 2067 1643 2099 of

231 2118 268 2148 de
279 2118 377 2157 Spect.
393 2117 422 2146 vi
439 2115 504 2146 ‘cui
516 2126 567 2145 ars
581 2115 621 2145 sit
632 2115 733 2145 uerba
746 2114 899 2144 manibus
969 2113 1034 2144 abl.
1065 2114 1190 2154 gerund
1204 2126 1210 2144 ε
1244 2115 1390 2153 mgenll's
1418 2112 1527 2143 would
1553 2112 1638 2142 have

233 2159 412 2201 expedire.'
969 2158 1065 2197 given
1092 2156 1146 2187 the
1169 2167 1258 2187 same
1280 2167 1383 2187 sense.
1434 2157 1464 2186 A
1489 2155 1636 2186 classica]

278 2215 305 2243 5.
355 2212 399 2233 ne
415 2204 446 2232 si
460 2200 802 2239 distributionem...]
823 2201 899 2230 ‘lest
970 2200 1088 2230 idiom:
1114 2211 1144 2229 v.
1171 2211 1225 2240 my
1245 2206 1322 2230 note
1346 2210 1388 2229 on
1414 2199 1484 2230 Cic.
1507 2199 1636 2229 Cluent.

234 2247 258 2277 if
283 2248 324 2277 he
347 2247 402 2276 did
422 2252 477 2276 not
496 2245 575 2275 allot
594 2242 664 2275 that
688 2244 845 2284 partition
869 2243 905 2273 of
974 2243 1044 2282 167,
1078 2243 1234 2284 referring
1263 2248 1297 2273 to
1327 2243 1425 2283 Vei-g.
1458 2244 1500 2272 A.
1534 2242 1555 2272 ii
1584 2245 1636 2272 81.

233 2296 365 2321 natures
382 2289 459 2319 with
478 2289 518 2319 its
530 2288 594 2318 due
613 2288 750 2318 balance
764 2288 828 2317 and
844 2286 899 2317 left
975 2287 1144 2327 ‘Pressing
1168 2287 1257 2317 them
1283 2294 1315 2316 to
1339 2286 1540 2316 understand
1567 2285 1637 2315 that

233 2334 257 2364 it
275 2333 307 2364 in
325 2333 406 2373 hazy
430 2332 613 2366 confusion,
632 2331 673 2361 he
698 2331 802 2371 might
827 2330 900 2370 give
971 2330 1093 2367 Christ,
1128 2330 1202 2360 who
1239 2329 1265 2359 is
1294 2340 1380 2366 man,
1417 2329 1471 2359 the
1505 2328 1573 2360 Son
1606 2327 1644 2358 of

233 2377 287 2408 the
301 2376 440 2406 heretics
457 2386 475 2405 a
493 2376 559 2405 real
577 2385 693 2405 excuse
711 2373 774 2404 for'
792 2378 851 2404 etc.
972 2374 1064 2409 Man,
1080 2374 1106 2403 is
1123 2374 1192 2403 also
1205 2373 1260 2403 the
1274 2372 1341 2403 Son
1355 2372 1391 2402 os
1405 2372 1499 2408 G0d;
1521 2372 1585 2401 and
1605 2377 1640 2401 to

277 2430 308 2461 9.
354 2419 535 2456 deberent]
581 2418 643 2458 Cp.
660 2423 736 2447 note
750 2427 792 2447 on
810 2428 841 2457 p.
857 2418 896 2456 85
971 2423 1084 2457 accept
1102 2426 1136 2446 as
1156 2417 1236 2446 Man
1253 2416 1307 2446 the
1326 2417 1392 2446 Son
1411 2415 1447 2446 os
1460 2415 1548 2453 God,
1568 2415 1639 2445 that

237 2463 258 2494 1.
281 2473 328 2501 ¹4·
971 2460 997 2489 is
1028 2460 1083 2490 the
1115 2460 1217 2489 Word
1248 2459 1283 2489 os
1312 2459 1385 2490 (jod
1414 2458 1489 2489 who
1521 2459 1547 2489 is
1572 2459 1638 2495 (ac-

282 2506 327 2537 16.
377 2507 456 2542 ipsa
471 2505 703 2541 permixtione
725 2503 902 2541 posset...]
972 2503 1108 2543 cording
1125 2508 1159 2533 to
1176 2503 1231 2533 the
1249 2501 1446 2543 Scriptures)
1465 2500 1566 2532 God!
