1727 2734
118 154 226 194 X111]

530 156 602 185 DE
638 156 843 186 TlelNlTA
854 156 916 186 'l'E
948 157 1101 187 LIBER

1464 155 1517 196 45

201 250 342 299 Itaque
372 250 448 287 hoc
483 248 522 286 in
557 251 646 287 loco
680 263 727 287 ex
753 249 911 287 duobus
940 251 1105 288 alterurn
1135 258 1315 288 constare
1345 251 1518 290 debebit.

118 327 209 352 cum
231 315 335 353 enim
365 314 618 353 manifestum
646 314 694 352 sit
722 315 856 353 onmia
882 329 967 353 esse
995 317 1095 353 facta
1123 329 1191 365 per
1218 316 1432 363 Christum,
1454 326 1521 355 aut

118 387 210 417 ante
237 379 372 417 omnia
401 388 470 427 est,
494 380 683 429 quoniam
710 382 839 417 omnia
856 387 933 429 per
956 382 1091 429 ipsum,
1123 388 1162 419 et
1190 381 1330 420 rnerito
1357 390 1395 420 et
1422 383 1520 421 deus

119 452 195 483 est:
225 453 293 483 aut
320 445 412 495 quia
439 447 561 483 honio
588 453 658 491 est,
690 453 777 496 post
809 445 943 483 omnia
966 454 1035 493 est,
1058 454 1095 484 et
1124 446 1263 485 merito
1294 461 1362 497 per
1391 447 1519 497 ipsum

119 510 216 548 nihil
237 512 383 548 facturn
406 518 475 549 est.

120 589 207 614 mus
234 576 376 623 dicere,
409 589 499 614 curn
524 576 887 614 animaduertamus
915 577 1044 613 omnia
1065 583 1139 624 per
1167 578 1289 625 ipsum
1307 579 1421 626 facta
1449 591 1522 615 esse

119 641 264 691 scriptu
271 655 320 679 rn.

380 655 460 679 non
489 655 581 692 ergo
602 650 691 692 post
717 641 851 679 omnia
871 648 939 686 est,
963 640 1003 678 id
1031 649 1089 679 est
1110 655 1191 680 non
1218 644 1341 680 homo
1367 650 1520 681 tanturn

119 714 189 755 est,
212 707 279 757 qui
301 715 390 757 post
411 708 546 746 omnia
565 716 635 754 est,
659 708 729 746 sed
757 715 795 745 et
815 708 924 753 deus,
948 707 1136 756 quoniam
1158 709 1256 746 deus
1276 716 1368 746 ante
1388 707 1523 746 omnia

120 780 189 810 est.

247 780 340 810 ante
366 772 501 810 omnia
529 780 586 810 est
614 771 731 818 enirn,
755 771 847 821 quia
858 777 933 820 per
950 772 1073 819 ipsum
1094 774 1248 819 θωπείας
1278 786 1327 811 116
1348 772 1379 810 51
1400 774 1522 811 homo

535 512 605 549 sed
627 511 723 548 nihil
744 524 813 560 per
840 510 969 560 ipsum
997 512 1143 549 facturn
1173 525 1258 550 esse
1286 526 1366 550 non
1387 526 1521 562 possu—
1541 522 1560 559 5

120 844 285 883 tanturn,
320 836 417 874 nihil
445 850 513 886 per
536 836 685 885 ipsum3
715 844 782 874 aut
812 836 841 874 51
864 836 998 874 omnia
1025 850 1093 886 per
1120 837 1262 887 ipsum,
1289 852 1369 876 non
1401 839 1522 877 homo
1548 852 1593 876 10

120 910 294 940 tantum:
335 902 524 952 quoniam
565 902 595 939 51
635 903 757 940 horno
796 909 962 948 tantum,
996 916 1076 940 non
1113 903 1247 940 onmia
1281 917 1350 953 per
1380 903 1520 953 ipsum,

120 966 244 1005 immo
265 967 361 1004 nihil
383 980 452 1016 per
472 967 612 1016 ipsum.
659 966 755 1016 quid
772 980 863 1016 ergo
880 968 1147 1016 respondent?
1174 968 1270 1006 nihil
1292 982 1361 1019 per
1380 969 1521 1019 ipsum,

120 1039 163 1070 ut
183 1033 306 1071 horno
333 1032 381 1070 sit
408 1033 592 1070 tantum?
621 1033 827 1082 quomodo
855 1046 947 1082 ergo
972 1033 1107 1071 onmia
1133 1047 1202 1083 per
1225 1034 1384 1084 ipsum?
1432 1049 1524 1085 ergo

119 1109 201 1135 non
240 1098 363 1134 homo
401 1097 683 1134 tantummodo
722 1104 793 1144 est,
826 1098 896 1135 sed
935 1105 973 1135 et
1008 1099 1118 1143 (16115,
1154 1098 1351 1148 siquidem
1390 1099 1525 1137 omnia

120 1170 212 1200 sunt
238 1175 307 1211 per
333 1161 474 1211 ipsum.

530 1169 572 1199 ut
594 1161 732 1199 merito
753 1161 978 1211 intellegere
995 1162 1212 1200 debeamus
1229 1176 1303 1201 nec
1319 1163 1522 1202 hominem

120 1239 205 1265 esse
233 1225 435 1265 Christum
456 1226 748 1272 tantummodo,
771 1225 837 1275 qui
865 1232 923 1263 est
951 1233 1040 1274 post
1068 1226 1212 1271 onmia,
1237 1227 1306 1264 sed
1331 1234 1369 1265 et
1390 1228 1521 1274 deum,

120 1304 212 1329 curn
244 1304 313 1341 per
344 1291 474 1340 ipsum
509 1292 611 1329 facta
646 1290 723 1328 sint
754 1290 899 1328 omnia.
916 1321 1065 1327 .........
1079 1293 1285 1341 quomodo
1317 1292 1423 1330 enim
1458 1300 1525 1331 aut

120 1355 325 1394 hominem
364 1356 644 1393 tantummodo
679 1355 819 1393 dicas.

830 1368 989 1393 ...cuni
1024 1355 1134 1392 illum
1170 1357 1288 1393 etiam
1328 1356 1368 1394 in
1408 1370 1524 1396 carne

190 1444 226 1473 15
252 1433 327 1471 nec]
344 1443 410 1463 non
426 1433 509 1463 coni.
528 1432 579 1472 Ja.
601 1432 718 1462 recisus
735 1443 811 1462 mro
830 1432 1024 1463 huiusmodi
1040 1433 1138 1463 uerba
1160 1433 1307 1473 supplere
1320 1439 1394 1474 post
1414 1435 1525 1465 onmia

122 1487 158 1525 (l.
181 1486 231 1527 17)
251 1490 330 1517 ‘nec
347 1487 446 1517 deum
465 1486 706 1521 tantummodo,
726 1487 782 1526 qui
807 1493 883 1516 ante
908 1489 1020 1516 omnia
1045 1493 1106 1524 est,
1125 1487 1181 1517 sed
1203 1494 1233 1518 et
1252 1487 1431 1523 hominem,
1450 1499 1524 1520 cum

122 1553 198 1573 caro
216 1542 318 1572 factus
335 1541 399 1572 sits

121 1597 229 1638 ipsum
247 1596 333 1626 facta
348 1596 411 1626 sint
429 1595 553 1631 omnia⁷
571 1601 626 1625 aut
644 1595 754 1626 deum.

166 1675 194 1695 2.
247 1664 315 1694 Not
347 1673 425 1703 very
456 1662 610 1703 logically
642 1667 689 1692 set
722 1667 790 1692 out.

121 1707 194 1738 The
211 1713 382 1747 argument
402 1707 443 1736 is:
466 1705 492 1735 if
505 1705 615 1737 Christ
634 1705 730 1735 made
747 1705 790 1735 all

121 1751 240 1792 things,
261 1751 315 1780 He
333 1750 359 1780 15
376 1749 488 1780 before
501 1749 544 1779 all
562 1749 670 1789 things
687 1749 750 1778 and
766 1749 792 1779 is

121 1794 282 1825 therefore
306 1793 394 1824 God.
442 1793 505 1823 But
530 1792 557 1822 if
581 1792 634 1822 He
656 1792 682 1822 is
703 1802 792 1822 mere

122 1848 210 1875 man,
234 1837 287 1867 He
305 1837 331 1867 is
352 1836 434 1867 after
455 1836 497 1866 all
520 1835 630 1876 things
652 1835 716 1865 and
734 1835 789 1865 did

120 1886 177 1911 not
200 1886 307 1912 create
329 1879 429 1910 thern.
479 1879 561 1909 This
579 1879 674 1909 latter
692 1885 790 1909 state·

120 1930 211 1955 ment
224 1923 423 1955 contradicts
440 1922 494 1953 the
511 1922 619 1952 words
633 1921 670 1952 of
683 1922 790 1963 Scrip-

122 1974 202 2005 ture‚
237 1967 307 1997 that
346 1967 405 1996 ‘all
437 1966 546 2006 things
578 1976 663 1996 were
696 1966 792 1995 made

120 2011 262 2051 through
281 2009 379 2040 Him'
421 2010 485 2039 and
509 2008 670 2039 therefore
694 2009 748 2039 He
767 2009 792 2039 is

121 2059 179 2085 not
201 2055 281 2084 Man
299 2053 395 2083 alone
411 2053 469 2083 but
487 2052 574 2083 God.

166 2099 195 2129 8.
243 2096 306 2137 Cp.
333 2096 406 2127 Col.
429 2095 438 2125 i
468 2105 502 2133 17
530 2095 615 2136 ‘ipse
643 2100 690 2125 est
716 2101 793 2125 ante

122 2141 273 2171 omnes':
299 2140 338 2169 ib.
362 2139 397 2170 16
419 2138 547 2169 ‘onmia
564 2149 620 2178 per
639 2137 771 2178 ipsum.⁷

165 2193 195 2225 9.
242 2183 299 2221 ne]
324 2193 358 2212 as
375 2182 407 2212 111
425 2182 468 2217 xi,
489 2192 521 2222 p.
540 2181 591 2220 36.
613 2182 661 2212 18.

171 2236 217 2266 15.
266 2234 329 2256 nec
367 2226 685 2255 hominem...facta.
720 2226 794 2255 sint

121 2270 252 2309 omnia]
278 2269 350 2299 The
367 2268 486 2305 words,
506 2278 541 2298 as
560 2267 654 2298 ‘nec'
673 2267 789 2305 shews,

122 2313 250 2355 require
267 2323 358 2343 some
380 2311 557 2351 balancing
573 2312 693 2344 clause,
711 2311 791 2341 such

121 2368 156 2388 as
173 2357 244 2388 that
265 2355 373 2386 which
398 2355 411 2385 I
438 2355 522 2385 have
545 2354 663 2392 placed
686 2354 718 2384 in
736 2354 791 2384 the

121 2400 245 2431 critical
267 2405 356 2430 note.
402 2399 475 2428 The
499 2397 577 2438 only
598 2397 792 2428 alternative

121 2443 233 2474 would
257 2443 298 2473 be
323 2448 356 2473 to
381 2452 524 2482 suppose
548 2441 619 2471 that
647 2439 742 2471 ‘nec’
765 2441 792 2471 is

121 2487 201 2518 used
232 2492 267 2517 to
297 2486 401 2516 throw
434 2495 454 2515 a
484 2490 581 2515 stress
614 2494 703 2524 upon
736 2484 791 2514 the

121 2530 243 2562 second
254 2529 402 2560 member
412 2528 450 2559 of
462 2527 516 2558 the
527 2534 692 2564 sentence,
716 2529 723 2542 ‘
732 2528 788 2558 sed

538 1543 573 1572 18
593 1545 666 1581 post
682 1541 772 1571 dicas
789 1542 892 1571 nescio
908 1542 993 1582 quid
1005 1542 1162 1572 amissum
1178 1555 1187 1572 .·
1200 1541 1357 1582 jbrlasse,
1375 1553 1449 1573 cum
1467 1554 1525 1585 pet·

850 1667 881 1692 et
898 1660 1033 1692 deum’:
1051 1672 1085 1692 as
1102 1661 1135 1692 in
1152 1662 1207 1693 the
1220 1663 1368 1694 classical
1382 1674 1481 1705 usage
1492 1664 1529 1695 of

851 1704 946 1735 ‘nec'
979 1704 1135 1736 followed
1169 1706 1211 1745 by
1249 1706 1326 1737 ‘et.’
1373 1707 1436 1738 But
1469 1708 1524 1739 the

850 1748 967 1778 lacuna
996 1749 1029 1778 in
1058 1749 1112 1779 the
1140 1755 1312 1789 argument
1339 1750 1366 1780 15
1391 1761 1434 1781 110
1461 1751 1524 1782 1655

850 1792 981 1822 evident
999 1792 1076 1822 here
1094 1792 1172 1822 than
1190 1792 1222 1823 in
1241 1794 1307 1824 line
1326 1795 1374 1825 18.

899 1844 946 1874 17.
995 1835 1079 1865 ‘For
1102 1835 1177 1866 how
1201 1846 1261 1866 can
1285 1847 1349 1876 you
1372 1847 1430 1876 say
1453 1837 1524 1868 that

852 1879 907 1909 He
925 1879 950 1908 is
967 1879 1045 1919 only
1059 1889 1146 1913 man,
1161 1890 1197 1909 or
1214 1880 1293 1920 only
1310 1880 1386 1910 (jod
1404 1881 1518 1919 either,

851 1922 947 1952 when
970 1932 1032 1962 you
1056 1933 1108 1952 see
1131 1923 1213 1953 Him
1232 1933 1266 1953 as
1289 1923 1344 1954 He
1366 1923 1393 1954 is
1413 1924 1445 1954 in
1464 1925 1522 1955 the

850 1965 951 1995 flesh?
977 1966 1033 1996 but
1050 1976 1092 1996 on
1108 1965 1162 1996 the
1178 1972 1341 2006 contrary,
1363 1977 1399 1997 as
1419 1967 1524 1999 either

850 2014 965 2039 nature
1001 2008 1028 2039 is
1063 2009 1234 2045 observed‚
1275 2010 1379 2040 either
1423 2011 1449 2041 is
1489 2011 1526 2042 of

851 2052 1011 2092 necessity
1036 2053 1193 2092 accepted
1219 2063 1254 2083 as
1281 2063 1322 2083 an
1352 2054 1466 2085 article
1489 2054 1526 2085 of

850 2094 971 2125 belief.⁷
1005 2095 1121 2135 Surely
1143 2098 1214 2126 ‘aut
1231 2095 1345 2126 deum'
1363 2096 1420 2127 has
1437 2097 1521 2128 been

850 2137 926 2173 lost,
951 2137 977 2168 if
998 2138 1139 2178 nothing
1163 2149 1271 2170 more:
1302 2139 1422 2170 ‘either
1445 2141 1523 2181 only

852 2181 932 2211 Man
948 2192 985 2211 or
1001 2181 1079 2221 only
1097 2182 1172 2211 God
1183 2181 1204 2213 ’:
1226 2182 1283 2213 the
1300 2182 1404 2222 single
1420 2189 1480 2214 aul
1496 2184 1522 2214 15

849 2225 993 2264 scarcely
1025 2224 1248 2256 translatable.
1293 2226 1439 2266 Jackson
1474 2227 1521 2258 in—

851 2273 944 2305 56115,
971 2268 1002 2298 111
1027 2278 1046 2298 a
1072 2269 1229 2306 sootnote,
1255 2269 1339 2299 after
1366 2271 1521 2300 ‘tantum-

849 2311 950 2341 modo
974 2311 1079 2342 dicas'
1108 2313 1200 2342 ‘cum
1224 2322 1280 2352 per
1305 2312 1412 2353 ipsum
1437 2313 1522 2344 facta

849 2354 912 2384 sint
940 2354 1062 2391 omnia,
1087 2360 1142 2385 aut
1165 2355 1263 2385 deum
1290 2357 1521 2387 tantummodo

849 2397 982 2428 dicas':
1027 2397 1135 2428 which
1181 2398 1250 2429 also
1289 2398 1430 2440 justifies
1468 2401 1522 2431 the

850 2440 992 2471 ‘etiam.'
1043 2441 1109 2471 For
1136 2441 1205 2472 nisi
1232 2443 1389 2483 quoniam
1413 2453 1464 2484 cp.
1488 2454 1520 2474 11.

849 2494 892 2514 011
915 2495 946 2522 x,
975 2494 1006 2525 p.
1025 2493 1076 2523 32·
1096 2495 1125 2515 2.

1550 1172 1591 1210 15
