1727 2734
114 153 252 192 XVIII]
525 153 596 183 DE
633 152 837 183 TA’JNJTA
848 151 911 182 TE
942 151 1097 181 LIBER
1460 140 1513 191 65

113 247 304 297 congruit,
341 261 389 285 ne
427 249 589 297 angelus
629 247 757 285 dictus
797 247 855 289 sit,
892 258 1022 295 neque
1061 257 1254 295 personae
1292 246 1431 295 angeli,
1466 261 1516 286 ne

112 314 210 351 deus
237 313 512 362 pronuntiatus
543 312 609 359 sit,
639 325 830 362 personae
859 319 992 349 autem
1020 310 1166 350 Christi
1192 311 1380 350 conuenit
1407 320 1450 350 ut
1476 321 1515 351 et

113 379 211 416 deus
242 378 300 425 sit,
331 378 423 428 quia
452 378 515 416 dei
547 377 648 415 filius
678 385 746 424 est,
777 385 814 415 et
844 378 1005 426 angelus
1030 376 1089 424 sit,
1112 376 1300 426 quoniam
1329 386 1515 427 paternae

111 442 381 492 dispositionis
411 442 665 480 annuntiator
694 450 769 480 est:
800 441 1024 491 intellegere
1054 442 1203 480 debent
1233 450 1370 481 contra
1399 444 1516 494 scrip-

111 515 215 545 turas
260 522 301 546 se
343 521 457 557 agere
502 507 698 554 haeretici,
739 507 805 557 qui
845 507 1048 546 Christum
1091 521 1183 546 curn
1222 507 1358 546 dicant
1397 522 1438 547 se
1476 517 1515 547 et

111 575 294 622 angelum
321 573 491 618 credere,
515 572 641 610 nolint
670 572 780 610 illurn
811 572 928 611 etiam
956 574 1077 610 deum
1105 573 1371 622 pronuntiare,
1394 587 1514 623 quem

111 637 150 675 in
182 637 302 676 ueteri
333 646 571 676 testamento
609 639 660 676 ad
700 637 965 676 uisitationem
999 638 1151 688 generis
1186 638 1349 676 humani
1382 639 1516 688 legunt

111 713 228 750 saepe
258 699 425 738 uenisse.

192 766 337 803 Adhuc
366 765 509 804 adiecit
542 767 713 814 Moyses,
746 766 929 804 Abrahae
959 766 1087 804 uisum
1119 767 1239 804 deum
1268 767 1375 816 apud
1405 779 1516 816 quer-

110 843 199 867 cum
234 831 426 877 Mambre,
450 833 614 869 sedente
634 831 719 880 ipso
740 832 791 869 ad
815 832 959 870 ostium
987 832 1229 870 tabernaculi
1256 832 1316 870 sui
1338 832 1511 881 meridie,

110 902 148 933 et
184 895 450 942 nihilominus,
488 909 577 934 cum
618 904 694 933 tres
733 896 1002 946 conspexisset
1041 896 1156 944 uiros,
1198 911 1321 934 unum
1360 911 1406 935 ex
1440 897 1514 936 illis

109 960 317 998 dominum
344 975 614 1011 nuncupasse,
645 974 812 1010 quorum
841 975 931 999 cum
962 963 1084 1011 pedes
1114 962 1284 1009 lauisset,
1307 961 1513 1001 cinericios

109 1037 230 1074 panes
258 1038 349 1063 cum
380 1026 520 1075 butyro
550 1034 587 1064 et
618 1025 738 1075 ipsius
769 1026 883 1076 copia
912 1026 1022 1064 lactis
1051 1028 1175 1074 offert,
1198 1035 1236 1065 et
1265 1034 1307 1064 ut
1337 1027 1513 1077 hospites

108 1089 248 1127 retenti
270 1098 530 1136 uescerentur,
555 1091 740 1128 hortatur.
800 1099 889 1139 post
909 1104 1011 1140 quae
1035 1099 1073 1129 et
1101 1092 1210 1140 quod
1231 1099 1341 1141 pater
1360 1093 1512 1130 futurus

108 1162 221 1201 esset,
255 1155 389 1199 audit;
428 1163 465 1193 et
496 1156 604 1205 quod
635 1156 728 1193 Sara
754 1168 850 1193 uxor
879 1155 962 1193 eius
992 1155 1162 1205 paritura
1191 1169 1237 1193 ex
1266 1155 1352 1205 ipso
1388 1156 1510 1194 filium

107 1227 220 1265 esset,
259 1219 423 1267 ediscit,
468 1228 506 1258 et
545 1220 595 1257 de
634 1219 738 1257 exitu
775 1219 1082 1267 Sodomitarum,
1118 1233 1220 1270 quae
1260 1221 1512 1259 merebantur

106 1282 197 1331 pati,
225 1282 489 1332 recognoscit;
518 1290 556 1320 et
577 1283 686 1332 quod
711 1291 869 1332 propter
889 1284 1103 1321 clamorem
1125 1285 1391 1322 Sodomorum
1412 1286 1510 1323 deus

107 1344 388 1391 descendisset,
419 1344 599 1383 addiscit.
659 1358 739 1394 quo
773 1344 812 1382 in
847 1347 936 1384 loco
967 1345 998 1383 si
1032 1354 1183 1396 patrem
1213 1348 1354 1384 uolunt
1386 1347 1511 1385 uideri

107 1417 201 1448 tunc
236 1410 354 1449 fuisse
389 1424 479 1449 curn
518 1410 666 1460 angelis
701 1411 857 1448 duobus
896 1411 1069 1461 hospitio
1108 1420 1321 1462 receptum,
1359 1420 1509 1462 patrem

106 1475 303 1514 uisibilern
339 1475 524 1514 haeretici
557 1475 825 1514 crediderunt:
867 1475 899 1513 si
932 1485 1065 1514 autem
1096 1478 1291 1526 angelum,
1333 1489 1423 1514 cum
1463 1490 1510 1515 ex

105 1541 253 1591 angelis
273 1541 396 1579 tribus
418 1555 518 1579 unus
546 1541 732 1580 dominus
761 1550 1021 1592 nuncupatur,
1051 1555 1130 1590 cur,
1154 1543 1262 1592 quod
1290 1555 1370 1580 non
1397 1544 1506 1589 solet,

104 1608 267 1656 angelus
297 1608 396 1645 deus
426 1606 596 1645 dicitur?
625 1606 698 1644 nisi
729 1606 930 1656 quoniam,
962 1615 1004 1645 ut
1034 1608 1111 1645 deo
1135 1606 1235 1656 patri
1262 1606 1510 1645 inuisibilitas

104 1671 261 1722 propria
281 1673 477 1718 reddatur,
501 1679 538 1710 et
565 1673 707 1722 angelo
729 1671 884 1722 propria
906 1672 1156 1710 mediocritas
1176 1672 1404 1718 remittatur,
1429 1685 1510 1710 non

104 1737 179 1775 nisi
218 1737 283 1775 dei
323 1737 435 1781 filius,
468 1737 535 1787 qui
569 1745 607 1775 et
642 1738 740 1775 deus
779 1745 847 1784 est,
890 1738 1074 1775 Abrahae
1113 1737 1220 1775 uisus
1259 1745 1298 1775 et
1337 1736 1509 1786 hospitio

102 1811 283 1852 receptus
310 1816 395 1840 esse
422 1803 612 1840 credetur.
672 1803 781 1852 quod
811 1802 917 1840 enirn
944 1810 1025 1841 erat
1054 1803 1217 1849 futurus,
1245 1802 1510 1841 meditabatur

102 1867 142 1906 in
182 1875 428 1906 sacramento
467 1868 652 1906 Abrahae
692 1869 817 1906 factus
856 1869 1013 1918 hospes,
1046 1869 1153 1918 apud
1185 1868 1369 1906 Abrahae
1408 1868 1509 1907 filios

102 1955 190 1986 God.
237 1956 310 1986 The
327 1966 415 1986 same
432 1961 603 1996 argument
625 1955 651 1987 is
668 1955 769 1987 found

102 1998 172 2029 also
197 1998 230 2029 in
254 1999 373 2039 Hilary
388 2000 424 2029 de
453 2000 545 2029 Τνιή.
564 2000 595 2029 iv
612 2000 628 2037 ἓ
647 2010 685 2040 ²3
703 2012 708 2030 :
735 2010 764 2030 v.

102 2042 153 2082 Bp
178 2041 252 2072 Bull
282 2043 327 2072 D.
346 2043 384 2072 F.
402 2043 448 2073 N.
477 2051 514 2073 1V
539 2043 573 2073 iii
597 2044 631 2080 ἐξ
656 2044 684 2080 8,
717 2052 766 2082 14.

104 2086 112 2100 ‘
128 2085 193 2116 Hic
211 2085 324 2123 locus,'
339 2086 394 2116 the
407 2096 544 2126 passage
557 2085 769 2126 ofScripture

100 2129 199 2159 about
221 2129 346 2168 Hagar.

144 2172 184 2202 z'b.
214 2180 382 2209 personae
393 2172 521 2211 patris]
533 2183 563 2202 v.
576 2172 702 2203 Introd.
713 2173 728 2210 ἓ
740 2181 767 2211 7.

149 2226 197 2246 11.
245 2215 329 2246 Gen.
350 2215 427 2246 xviii
450 2227 474 2246 1.
621 2249 624 2252 ,

149 2269 197 2289 12.
245 2259 440 2297 cinericios]
503 2259 586 2289 Gen.
630 2259 707 2289 xviii
748 2258 767 2290 6

102 2301 201 2342 Vulg.
222 2301 288 2332 ‘fac
306 2302 539 2332 subcinericios
557 2301 680 2343 panes.’

148 2344 196 2376 16.
244 2346 356 2384 exitu]
383 2345 444 2386 Cp.
463 2356 495 2385 p.
516 2355 566 2384 25.
582 2347 600 2376 8
622 2345 767 2375 ‘urbium

101 2394 132 2419 et
151 2389 333 2419 ciuitatium
353 2389 483 2419 exitus.⁷

146 2442 197 2472 ²3·
242 2432 481 2471 mediocritas]
514 2431 664 2462 ‘inferior
681 2431 767 2472 posi-

100 2474 194 2513 tion,’
210 2475 286 2506 here
304 2475 342 2506 of
353 2476 467 2516 angels
489 2486 524 2506 as
547 2475 580 2505 in
604 2487 635 2516 p.
656 2474 708 2506 62.
731 2485 769 2506 10

99 2523 202 2558 supra
219 2518 257 2549 of
275 2529 363 2549 man.
411 2519 484 2549 The
500 2519 641 2559 thought
663 2519 690 2549 is
713 2519 769 2549 the

214 2594 246 2621 F.
271 2594 312 2620 N.

838 1967 928 1987 same
945 1966 980 1986 as
997 1956 1066 1987 that
1086 1955 1123 1986 of
1138 1956 1221 1987 lines
1243 1958 1344 1995 18—4
1365 1955 1433 1997 (pp.
1453 1955 1504 1996 64,

839 1999 877 2039 65
900 2023 905 2029 .

883 2003 934 2081 ›²5-
985 2043 1068 2072 ‘For
1093 2043 1188 2073 when
1216 2043 1271 2073 He
1295 2042 1430 2073 became
1452 2042 1508 2073 the

838 2093 930 2126 guest
959 2085 996 2115 of
1023 2086 1206 2120 Abraham,
1245 2086 1300 2116 He
1335 2085 1508 2116 rehearsed

841 2129 1097 2168 (meditabatur
1110 2129 1129 2169 ⁷)
1159 2129 1192 2159 in
1225 2139 1243 2158 a
1281 2134 1422 2169 mystery
1458 2129 1507 2168 (or

838 2171 1100 2212 sacramentally)
1126 2173 1197 2203 that
1224 2171 1332 2202 which
1361 2172 1414 2202 He
1442 2182 1508 2203 was

838 2216 938 2246 about
963 2222 996 2246 to
1025 2217 1077 2253 be,
1108 2216 1247 2246 because
1272 2215 1327 2245 He
1353 2225 1420 2245 was
1443 2225 1506 2246 one

837 2259 901 2298 day
919 2265 952 2289 to
975 2259 1015 2289 be
1038 2259 1093 2289 the
1115 2259 1182 2289 like
1206 2258 1285 2289 with
1309 2258 1507 2289 Abraham’s

835 2313 922 2339 sons,
957 2302 1069 2333 whose
1109 2302 1171 2333 feet
1213 2302 1267 2332 He
1304 2301 1438 2332 washed
1473 2302 1506 2332 in

837 2345 939 2376 token
971 2346 1041 2376 that
1073 2345 1097 2376 it
1131 2355 1196 2376 was
1233 2346 1305 2375 He:
1342 2345 1507 2386 requiting

836 2389 868 2419 in
894 2389 948 2419 the
970 2399 1047 2419 sons
1070 2388 1125 2419 the
1149 2388 1235 2429 right
1261 2387 1299 2419 os
1314 2388 1506 2429 hospitality

836 2431 943 2462 which
972 2432 1055 2462 their
1081 2431 1186 2462 father
1218 2431 1283 2462 had
1309 2441 1391 2462 once
1417 2442 1507 2472 upon

836 2485 855 2505 a
889 2475 968 2506 time
1008 2475 1178 2506 advanced
1214 2481 1247 2506 to
1286 2474 1367 2505 Him
1404 2478 1453 2511 (as
1487 2485 1507 2505 a

836 2518 917 2549 kind
935 2517 1097 2556 ofloan).'
1146 2519 1175 2549 It
1198 2518 1224 2549 is
1243 2518 1315 2549 best
1336 2524 1370 2549 to
1387 2519 1507 2559 supply

1375 2595 1394 2633 5

1537 519 1555 556 5

1539 845 1584 868 10

1536 1164 1578 1202 15

1532 1491 1581 1514 20

1531 1811 1577 1850 25
