1727 2734
115 151 218 190 XXI]
523 153 595 182 DE
633 153 911 183 Tleli‘VlTATE
942 153 1096 183 LIBER
1465 150 1517 190 77

114 249 318 295 uirtutum,
339 251 463 298 imago
491 251 700 287 inuisibilis
727 251 794 297 dei,
828 250 893 300 qui
923 251 1108 288 descendit
1132 252 1174 287 de
1199 252 1307 297 caelo,
1332 251 1397 300 qui
1422 266 1519 300 qaae

114 315 217 351 uidit
246 321 281 352 et
307 316 461 352 audiuit
487 315 705 363 testificatus
733 321 794 361 est,
827 315 893 364 qui
927 328 1000 351 non
1033 316 1137 352 uenit
1167 320 1210 351 ut
1228 315 1377 364 faceret
1404 330 1514 354 suam

115 381 361 425 uoluntatem,
383 382 450 417 sed
466 379 596 429 potius
618 380 940 428 ulfizct'cztpalris
960 381 1204 427 uoluntatem,
1230 393 1252 418 a
1274 394 1353 430 quo
1376 382 1517 421 missus

112 445 163 482 ad
184 445 260 482 hoc
281 444 409 494 ipsum
432 444 567 491 suerat,
586 451 628 481 ut
645 445 778 491 magni
794 445 944 481 consilii
959 445 1117 492 angelus
1138 445 1262 483 factus
1283 460 1515 485 arcanorum

113 509 341 547 caelestium
362 509 477 547 nobis
499 508 581 546 iura
602 517 797 555 reseraret,
822 509 969 559 quique
990 511 1145 547 uerbum
1165 512 1393 558 carosaclus
1413 513 1516 550 habi-

113 576 216 612 tauit
242 577 282 612 in
312 576 426 621 nobis,
450 588 495 613 ex
523 574 638 612 nobis
670 574 733 612 hic
761 574 940 614 Christus
970 588 1050 613 non
1082 577 1204 613 horno
1235 583 1400 624 tantum,
1424 578 1517 627 quia

113 639 285 677 hominis
316 639 429 684 filius,
461 640 531 677 sed
566 639 682 677 etiam
714 641 822 685 deus,
856 639 947 689 quia
977 639 1041 678 dei
1072 639 1184 686 filius,
1222 642 1514 690 comprobatur.

195 706 317 754 Quod
332 705 362 743 si
379 714 417 743 et
424 706 706 754 primqgrem'tus
718 706 840 742 omnis
854 711 1050 742 creaturae
1062 706 1113 743 ab
1127 708 1309 755 apostolo
1324 706 1453 744 dictus
1469 707 1518 744 sit

113 770 304 814 Christus,
334 771 539 820 quomodo
569 770 697 808 omnis
724 778 924 808 creaturae
952 769 1236 820 primogenitus
1263 784 1348 809 esse
1375 771 1515 820 potuit,

112 835 187 873 nisi
222 836 411 885 quoniam
442 836 662 873 secundum
695 835 944 873 diuinitatem
978 843 1070 873 ante
1105 849 1266 874 omnem
1298 844 1516 874 creaturan]

113 914 159 938 ex
207 909 316 950 patre
364 901 441 938 deo
489 913 618 938 sermo
664 901 889 949 processit?
963 901 1071 950 quod
1116 900 1190 938 nisi
1236 901 1289 938 ita
1332 902 1518 940 haeretici

112 964 348 1014 acceperint,
372 964 574 1003 Christum
602 965 806 1003 hominem
833 965 1139 1015 primogenitum
1168 966 1297 1004 omnis
1318 975 1518 1005 creaturae

113 1038 330 1068 monstrare
369 1038 585 1079 cogentur:
627 1031 736 1079 quod
769 1031 895 1068 facere
930 1043 1011 1068 non
1045 1038 1242 1080 poterunt.
1301 1040 1368 1070 aut
1402 1032 1518 1082 igitur

112 1103 205 1133 ante
225 1108 386 1133 omnem
404 1103 463 1133 est
479 1103 709 1142 creaturam,
729 1103 770 1133 ut
790 1095 1076 1145 primogenitus
1093 1096 1141 1133 sit
1158 1097 1287 1134 omnis
1304 1105 1514 1145 creaturae,

113 1167 151 1198 et
181 1172 262 1198 non
293 1161 415 1197 homo
443 1167 501 1198 est
529 1167 693 1206 tanturn,
724 1159 816 1209 quia
842 1160 964 1198 homo
992 1167 1082 1210 post
1109 1174 1269 1199 omnem
1299 1170 1516 1199 creaturam

113 1232 194 1263 est:
225 1232 292 1262 aut
320 1225 442 1262 homo
467 1232 620 1262 tantum
649 1232 717 1270 est,
742 1232 780 1262 et
801 1231 860 1262 est
887 1232 976 1273 post
1003 1237 1164 1262 omnem
1191 1234 1420 1263 creaturam.
1480 1234 1518 1264 et

113 1290 320 1339 quomodo
358 1289 644 1339 primogenitus
679 1297 737 1327 est
771 1288 900 1326 omnis
939 1297 1151 1334 creaturae,
1187 1289 1261 1328 nisi
1295 1292 1517 1329 secundum

115 1355 280 1393 uerbum
310 1354 408 1392 illud
438 1355 546 1404 quod
573 1362 631 1392 est
658 1362 749 1392 ante
779 1356 1020 1392 creaturam?
1047 1362 1085 1392 et
1112 1354 1204 1393 ideo
1233 1355 1518 1405 primogenitus

113 1419 243 1458 omnis
271 1426 470 1457 creaturae
497 1431 588 1456 caro
613 1419 656 1456 fit
682 1426 720 1456 et
748 1417 898 1456 habitat
925 1417 964 1455 in
994 1418 1119 1464 nobis,
1152 1420 1229 1456 hoc
1255 1427 1324 1466 est,
1353 1419 1518 1457 assumit

113 1486 220 1523 hunc
240 1484 443 1522 hominem
465 1483 532 1533 qui
554 1491 612 1521 est
632 1491 722 1533 post
742 1496 903 1521 omnem
931 1491 1160 1530 creaturam,
1190 1492 1227 1522 et
1253 1484 1308 1522 sic
1335 1497 1426 1522 cum
1450 1484 1518 1523 illo

179 1571 198 1602 6
222 1581 288 1612 qua
304 1571 558 1611 hominis...qua
574 1570 627 1601 dei
645 1571 725 1601 roni.
750 1570 801 1600 Fr.
821 1570 898 1610 Jun.

113 1625 174 1655 nisi
192 1625 350 1666 quoniam
368 1626 447 1655 dum
464 1624 539 1655 edd.

1008 1579 1043 1609 17
1069 1570 1130 1600 nisi
1147 1571 1328 1601 secundum
1345 1582 1401 1602 nos
1418 1573 1517 1602 com'.:

161 1709 186 1730 1.
235 1699 335 1730 CoLi
362 1709 416 1738 15:
439 1699 491 1740 Jo.
517 1698 562 1728 iii.
586 1709 639 1739 31,
663 1708 722 1739 32:
748 1698 780 1728 vi

115 1753 132 1783 3
158 1798 187 1824 4,
209 1797 238 1826 5.
286 1786 330 1816 Is.
348 1785 379 1815 ix
397 1784 416 1816 6
435 1785 583 1824 (LXX):
605 1786 656 1826 JO-
678 1785 688 1815 i
709 1795 757 1824 14.

156 1828 186 1860 6.
248 1837 291 1860 ex
336 1829 450 1867 nobis]
510 1828 609 1859 refers
652 1834 686 1859 to
724 1829 780 1859 the

115 1873 252 1903 Human
286 1872 424 1909 Nature,
459 1873 645 1913 answering
679 1877 712 1902 to
743 1883 782 1902 ex

111 1917 211 1947 Patre
237 1916 352 1946 above.

157 1961 187 1990 8.
242 1960 499 1996 primogenitus
533 1965 592 1989 cet.
601 1959 612 1997 ]
658 1959 779 1998 πρωτό-

113 2014 202 2033 τοκος
233 2003 339 2039 πάσης
366 2001 780 2042 xriffewszv.1ightfoot

111 2047 133 2076 l.
138 2057 161 2076 c.
194 2045 267 2076 who
283 2051 401 2086 quotes
414 2045 522 2085 Justin
542 2045 668 2085 Martyr
683 2046 777 2075 Dial.

112 2091 128 2127 ἕ
157 2099 216 2120 100
241 2090 441 2128 πρωτότοκον
468 2086 524 2118 τοῦ
548 2087 621 2118 θεου
644 2089 697 2118 καὶ
719 2087 780 2126 πρὸ

114 2134 243 2162 πάντων
260 2133 323 2162 τῶν
338 2132 531 2168 κτισμάτων.
560 2132 632 2162 The
646 2132 735 2162 ideas
749 2131 786 2162 of

112 2176 251 2217 priority
278 2175 342 2205 and
374 2176 583 2215 sovereignty
607 2185 663 2205 are
693 2185 780 2205 com-

113 2219 224 2253 bined,
238 2229 273 2249 as
290 2218 322 2249 in
342 2219 391 2248 Ps.
414 2218 549 2248 lxxxviii
569 2217 706 2258 (lxxxix)
729 2227 780 2258 27.

117 2263 194 2293 ‘All
217 2262 272 2292 the
289 2261 412 2292 fathers
437 2261 474 2291 of
492 2261 548 2292 the
569 2262 691 2292 second
715 2262 781 2291 and

113 2306 202 2337 third
230 2305 402 2342 centuries,
437 2315 473 2335 so
508 2304 557 2335 sar
583 2315 619 2335 as
649 2305 663 2335 I
697 2304 782 2335 have

113 2349 256 2384 notieed,
274 2348 357 2379 refer
372 2349 394 2378 it
409 2354 442 2379 to
457 2348 511 2378 the
526 2347 661 2379 Eternal
679 2348 781 2378 Word

113 2393 178 2423 and
206 2398 264 2422 not
292 2398 326 2422 to
358 2392 414 2422 the
443 2391 618 2422 Incarnate
647 2390 781 2428 Christ,’

115 2435 296 2476 Lightsoot‚
318 2435 350 2465 in
372 2434 543 2475 approval,
563 2435 701 2475 quoting
718 2435 783 2465 this

113 2489 236 2519 among
252 2479 346 2509 other
362 2488 516 2518 passages
532 2478 685 2517 (Tertull.
700 2479 778 2508 adu.

115 2523 218 2553 Prax.
242 2530 270 2561 7,
297 2521 438 2562 Hippol.
461 2522 564 2551 Haer.
582 2533 601 2551 x
625 2531 664 2561 33
688 2520 781 2561 etc.).

850 1699 881 1729 It
899 1709 965 1729 was
982 1699 1037 1729 the
1054 1699 1173 1730 Arians
1191 1700 1265 1731 who
1285 1701 1519 1742 subsequently

850 1741 990 1773 inferred
1007 1742 1091 1772 from
1110 1744 1165 1774 the
1178 1745 1367 1784 expression
1380 1745 1450 1776 that
1464 1745 1519 1776 the

851 1785 919 1817 Son
938 1797 1003 1816 uas
1020 1796 1038 1816 a
1055 1787 1185 1817 created
1203 1787 1320 1828 being:
1344 1789 1409 1818 and
1421 1799 1520 1829 many

850 1828 888 1859 of
910 1829 966 1859 the
994 1829 1131 1860 Fathers
1159 1841 1243 1862 were
1269 1831 1322 1861 led
1353 1842 1448 1872 away
1476 1833 1520 1872 by

850 1878 1060 1913 controversy
1081 1873 1150 1903 into
1175 1874 1230 1905 the
1254 1874 1334 1905 false
1358 1875 1514 1916 exegesis,

850 1916 920 1946 that
961 1916 984 1946 it
1030 1916 1196 1947 describes
1242 1918 1297 1948 the
1344 1918 1519 1950 Inearnate

850 1959 972 1997 Christ,
993 1959 1049 1990 the
1067 1961 1167 1991 κτίσις
1190 1960 1265 1991 thus
1286 1959 1447 2002 denoting
1463 1963 1519 1994 the

849 2002 998 2043 spiritual
1023 2003 1178 2033 creation.

898 2056 946 2085 17.
995 2046 1152 2076 Previous
1175 2047 1318 2078 editions
1342 2048 1420 2078 read
1441 2059 1518 2089 quo-

851 2089 945 2119 niam
976 2089 1068 2126 dum,
1102 2090 1134 2119 in
1167 2090 1262 2130 place
1293 2091 1330 2121 of
1359 2091 1468 2122 which
1502 2092 1517 2122 Ι

851 2132 1040 2172 conjecture
1052 2134 1228 2163 secundum
1242 2144 1249 2163 ι
1265 2133 1374 2164 which
1388 2145 1464 2175 may
1477 2135 1519 2166 be

852 2175 1033 2216 supported
1054 2176 1096 2216 by
1117 2186 1150 2216 p.
1171 2186 1221 2217 49.
1248 2186 1285 2218 19
1313 2178 1396 2208 ‘non
1413 2185 1461 2209 est
1479 2189 1517 2209 ex

851 2218 915 2249 hoc
935 2219 1060 2249 mundo
1082 2221 1262 2250 secundum
1285 2221 1377 2251 uerbi
1399 2221 1518 2252 diuini-

852 2261 976 2292 tatem.'
1024 2262 1097 2293 The
1121 2264 1334 2294 [incorrected
1361 2271 1428 2295 text
1457 2275 1518 2295 can

851 2306 929 2345 only
955 2306 995 2335 be
1019 2306 1181 2337 rendered
1208 2307 1249 2346 by
1273 2307 1411 2347 making
1436 2308 1518 2340 ‘hoc

851 2348 918 2379 est’
950 2348 1123 2379 introduce
1160 2350 1216 2380 the
1253 2351 1420 2391 apodosis,
1453 2353 1519 2382 and

852 2391 995 2432 treating
1011 2393 1018 2407 ‘
1030 2398 1061 2423 et
1075 2392 1151 2423 ideo
1161 2393 1400 2434 primogenitus
1410 2395 1518 2425 omnis

851 2435 1037 2466 creaturae'
1055 2445 1090 2466 as
1107 2446 1126 2466 a
1143 2437 1359 2476 parenthesis.

897 2488 948 2509 20.
995 2481 1076 2516 post
1118 2487 1255 2511 omnem
1305 2483 1519 2521 creaturam]

853 2521 938 2553 Gen.
956 2521 966 2552 i
984 2521 1024 2553 26
1041 2521 1111 2552 foll.

1540 526 1559 564 5

1543 852 1590 875 10

1542 1177 1585 1216 I5

1540 1495 1588 1519 20
