1727 2734
140 125 276 164 xxxi]
568 126 640 156 DE
676 125 880 156 TRJNJTA
893 124 955 155 TE
985 124 1139 154 LIBER
1472 123 1550 164 119

141 219 208 268 qui
230 219 418 269 processit
439 233 485 257 ex
506 231 564 265 eo,
589 232 635 257 ex
659 218 770 257 cuius
799 219 1004 256 uoluntate
1033 219 1133 255 facta
1164 226 1254 255 sunt
1282 219 1427 266 onmia,
1450 221 1548 258 deus

141 284 277 333 utique
310 285 530 334 procedens
563 298 608 322 ex
640 285 728 330 deo,
759 284 976 322 secundam
1008 296 1218 333 personam
1251 284 1424 323 efficiens
1457 294 1545 335 post

141 356 303 397 patrem,
338 363 415 399 qua
447 349 560 396 filius,
605 350 674 387 sed
710 362 790 386 non
827 348 995 399 eripiens
1035 348 1131 387 illud
1163 349 1272 399 patri,
1307 352 1415 400 quod
1446 365 1548 389 unus

140 421 198 451 est
238 415 346 452 deus.

221 479 259 517 Si
295 480 399 518 enim
437 487 552 517 natus
589 492 668 517 non
705 479 849 525 fuisset,
892 479 1050 516 innatus
1089 487 1339 529 comparatus
1374 494 1463 518 cum
1499 493 1546 518 eo

139 544 206 593 qui
259 553 361 583 esset
409 544 578 590 innatus,
627 543 865 593 aequatione
920 543 958 580 in
1008 552 1174 593 utroque
1223 553 1393 590 ostensa,
1446 546 1547 583 duos

140 610 283 648 faceret
315 609 482 657 innatos,
515 617 553 647 et
587 609 678 647 ideo
708 610 809 647 duos
845 610 988 647 faceret
1024 610 1130 646 deos.
1206 609 1236 647 si
1276 623 1356 648 non
1391 610 1547 659 genitus

139 684 253 720 esset,
295 677 460 713 collatus
499 688 590 713 curn
630 688 678 713 eo
718 674 785 723 qui
816 673 970 723 genitus
1015 687 1095 711 non
1138 682 1252 720 esset,
1287 683 1324 713 et
1363 677 1547 725 aequales

139 740 302 787 inuenti,
344 742 444 779 duos
486 741 582 778 deos
624 739 763 778 merito
808 739 1073 778 reddidissent
1115 752 1196 777 non
1236 740 1383 790 geniti3
1427 749 1546 790 atque

139 807 230 844 ideo
265 806 365 844 duos
401 805 580 845 Christus
620 806 855 844 reddidisset
895 806 1002 843 deos.
1062 805 1093 842 si
1133 805 1216 843 sine
1257 805 1405 855 origine
1444 814 1546 844 esset

139 879 181 909 ut
210 878 329 920 pater,
362 871 548 909 inuentus
578 879 616 910 et
646 871 728 920 ipse
759 870 995 921 principium
1028 871 1206 909 omnium
1240 880 1280 909 ut
1312 880 1431 922 pater,
1464 873 1545 910 duo

138 936 285 975 faciens
324 936 527 986 principia,
572 938 673 975 duos
721 937 958 975 ostendisset
1006 937 1121 975 nobis
1170 947 1460 988 consequenter
1507 947 1544 977 et

138 1002 246 1039 deos.
305 1010 371 1039 aut
410 1002 441 1039 si
481 1010 518 1040 et
557 1001 641 1051 ipse
681 1002 781 1039 filius
820 1015 901 1040 non
941 1010 1054 1048 esset,
1097 1004 1166 1041 sed
1206 1011 1315 1053 pater
1353 1017 1544 1054 generans

138 1067 189 1105 de
224 1080 265 1104 se
298 1068 463 1104 alterum
505 1067 639 1112 filium,
678 1067 817 1105 merito
857 1069 1022 1105 collatus
1057 1081 1147 1105 cum
1188 1077 1297 1118 patre
1336 1078 1373 1107 et
1413 1077 1544 1107 tantus

138 1133 361 1176 denotatus,
398 1133 499 1169 duos
534 1140 663 1181 patres
697 1132 901 1179 effecisset,
945 1141 981 1170 et
1021 1132 1112 1170 ideo
1148 1134 1249 1171 duos
1285 1135 1543 1184 approbasset

138 1196 255 1235 etiam
287 1198 393 1234 deos.
455 1196 486 1234 si
516 1196 724 1234 inuisibilis
754 1196 902 1241 fuisset⁷
931 1210 1021 1234 cum
1054 1197 1242 1235 inuisibili
1269 1200 1447 1244 collatus,
1476 1213 1544 1248 par

139 1275 355 1311 expressus,
386 1264 486 1300 duos
513 1261 732 1300 inuisibiles
758 1262 1007 1309 ostendisset,
1042 1271 1080 1301 et
1110 1263 1202 1302 ideo
1232 1265 1333 1302 duos
1364 1278 1543 1315 compro-

139 1327 269 1365 basset
291 1336 327 1365 et
349 1328 456 1365 deos.
521 1327 551 1365 si
573 1327 994 1377 incomprehensibilis,
1014 1330 1044 1366 si
1064 1336 1101 1366 et
1118 1337 1247 1367 cetera
1268 1343 1544 1380 quaecumque

205 1436 221 1456 2
251 1432 324 1467 post
342 1434 466 1467 patrem
485 1437 549 1468 qua
567 1427 651 1457 filius
669 1439 687 1456 α
704 1437 766 1456 om.
787 1427 842 1457 Pa.
990 1427 1009 1458 6
1034 1433 1164 1459 ostensa
1183 1429 1228 1459 Pa
1244 1439 1283 1459 ezr
1299 1435 1393 1470 apro
1409 1431 1543 1461 ostensi.

143 1480 180 1512 16
202 1481 298 1511 uerba
317 1481 341 1511 si
359 1481 534 1511 inuisibilis
558 1481 669 1511 fuisset
688 1492 787 1522 usque
808 1482 942 1523 adquin
965 1493 1025 1513 nec
1048 1483 1179 1513 innatus
1201 1489 1247 1513 est
1264 1484 1370 1524 suppl.
1387 1495 1426 1514 etr
1443 1496 1462 1514 α
1481 1485 1541 1515 Pa:

137 1546 278 1576 quornm
301 1536 335 1565 in
354 1535 416 1566 loco
441 1535 590 1566 Christus
612 1542 721 1566 autem
746 1546 811 1566 non
830 1537 960 1567 innatus
984 1544 1032 1567 est
1058 1537 1200 1577 legebant
1219 1542 1290 1568 nell.
1312 1543 1349 1568 nt
1366 1539 1416 1569 ed.
1439 1539 1539 1570 Paris.

143 1601 233 1631 1545-

138 1680 209 1711 that
242 1680 393 1711 Another
421 1680 519 1711 exists
548 1681 677 1720 beyond
710 1681 803 1716 Him,

138 1724 249 1755 whose
265 1730 362 1764 agent
383 1724 437 1754 He
454 1724 489 1754 is.

181 1766 211 1798 6.
276 1769 336 1804 qui
376 1769 470 1797 esset
510 1767 668 1806 innatus]
732 1767 805 1798 The

136 1810 344 1851 subjunctive
382 1811 408 1841 is
444 1810 644 1841 assimilated
679 1816 713 1842 to
750 1811 804 1841 the

136 1854 361 1894 hypothetical
390 1853 598 1894 subjunctive
626 1865 667 1884 on
697 1854 803 1884 which

924 1692 970 1720 14.
1022 1683 1146 1712 tantus
1185 1682 1388 1720 denotatus]
1429 1682 1544 1723 ‘being

874 1731 921 1755 set
945 1724 1043 1754 down
1068 1735 1102 1755 as
1125 1730 1217 1765 great
1240 1735 1275 1754 as·
1299 1725 1378 1755 ΗΘ.Ἴ
1426 1725 1488 1766 Cp.
1506 1737 1538 1766 p.

877 1778 927 1807 57.
954 1778 991 1806 ²5.
1020 1768 1155 1808 ‘quibus
1179 1767 1340 1809 posterior
1365 1768 1542 1808 (Christus)

874 1811 1086 1842 denotatur':
1113 1812 1176 1841 and
1195 1822 1227 1851 p.
1250 1822 1296 1852 13·
1324 1820 1359 1849 13
1378 1818 1463 1843 note.

922 1854 969 1885 16.
1009 1855 1082 1885 The
1093 1855 1249 1885 omission
1262 1854 1362 1885 ofthe
1373 1861 1544 1887 sentences

136 1898 161 1928 it
183 1897 346 1938 depends:
367 1898 431 1927 and
454 1897 615 1928 therefore
634 1897 689 1928 the
708 1898 802 1928 alter-

137 1941 227 1971 ation
249 1940 287 1971 of
304 1945 380 1971 esset
395 1946 428 1971 to
448 1945 493 1971 est
515 1941 570 1981 (by
591 1940 801 1981 VVelcliman)

137 1985 164 2015 is
178 1993 411 2024 unnecessary:
436 1984 500 2014 and
518 1984 676 2024 similarly
692 1984 724 2014 in
738 1984 803 2014 line

138 2030 156 2059 8
171 2028 317 2068 ‘genitus
334 2038 399 2057 non
424 2026 530 2058 esset.’
577 2028 648 2057 The
671 2028 804 2068 general

137 2082 229 2102 sense
251 2071 295 2101 is:
325 2071 407 2100 ‘had
433 2071 487 2101 He
512 2076 569 2101 not
597 2071 679 2102 been
706 2071 800 2108 born,

136 2125 171 2145 as
187 2115 315 2145 unborn
335 2115 389 2145 He
402 2114 511 2144 would
526 2115 566 2144 be
578 2114 719 2155 brought
733 2113 803 2145 into

136 2158 344 2198 comparison
361 2157 440 2188 with
463 2157 517 2188 the
543 2157 663 2188 Father
685 2157 759 2188 who
776 2158 803 2187 is

136 2202 276 2237 unborn,
299 2201 375 2236 and,
400 2211 441 2231 an
463 2201 609 2241 equality
632 2211 675 2231 on
699 2201 802 2231 either

137 2245 207 2276 side
232 2244 422 2285 appearing,
452 2244 506 2274 He
532 2244 640 2274 would
664 2244 762 2274 make
786 2254 805 2274 a

138 2288 258 2319 second
284 2288 424 2322 unborn,
454 2287 518 2318 and
551 2287 711 2318 therefore
738 2293 805 2318 two

137 2330 253 2363 Gods.'
301 2332 340 2361 In
372 2330 427 2361 the
458 2330 595 2372 parallel
630 2336 805 2362 statement

138 2375 246 2406 which
276 2374 416 2412 follows,
451 2375 585 2404 collatus
614 2385 686 2404 cum
718 2385 751 2404 eo
778 2374 803 2404 is

139 2418 297 2460 regarded
331 2428 367 2448 as
400 2428 419 2447 a
448 2418 630 2458 composite
664 2417 802 2458 subject,

138 2462 239 2493 taken
266 2472 310 2502 up
338 2461 382 2501 by
410 2462 556 2501 aequales
584 2461 718 2491 inuenti
739 2461 805 2491 and

139 2505 326 2546 completed
350 2505 393 2544 by
415 2515 434 2534 a
458 2504 565 2545 plural
588 2505 678 2535 verb.

873 1898 902 1928 si
932 1898 1110 1928 innz'sc‘bilz's
1129 1898 1256 1939 suisset
1285 1898 1383 1929 down
1420 1905 1454 1930 to
1488 1909 1544 1930 nec

874 1941 1012 1971 innatus
1043 1946 1086 1971 est
1118 1952 1184 1972 was
1217 1941 1383 1982 evidently
1414 1943 1478 1974 (lue
1509 1948 1543 1973 to

873 1984 1070 2024 theologica]
1095 1984 1365 2016 considerations.
1409 1985 1463 2017 On
1486 1986 1543 2017 the

875 2027 1084 2058 ‘nisibilitas'
1113 2027 1150 2058 of
1174 2028 1229 2058 the
1258 2028 1325 2059 Son
1355 2038 1408 2059 see
1436 2029 1542 2060 above

875 2081 907 2111 p.
924 2070 978 2101 61.
1001 2081 1097 2109 rin„
1117 2081 1149 2112 p.
1172 2071 1269 2111 1031.
1289 2081 1329 2102 20
1345 2081 1392 2112 sq.

921 2115 968 2144 18.
985 2114 1361 2153 incomprehensibilis]
1373 2115 1460 2146 Note
1472 2115 1542 2147 that

873 2157 936 2188 this
952 2157 978 2188 is
995 2163 1051 2188 not
1069 2157 1124 2188 the
1140 2157 1492 2198 ‘incomprehensible’
1511 2159 1549 2190 of

873 2201 928 2231 the
948 2201 1173 2241 ‘Quicumque
1190 2200 1293 2235 Vult,'
1311 2201 1418 2232 which
1435 2212 1542 2242 repre-

874 2249 962 2275 sents
999 2244 1186 2279 immensus,
1227 2242 1399 2283 ἀχώρητος.
1461 2245 1543 2277 This

874 2297 1012 2328 appears
1036 2286 1120 2317 from
1146 2287 1232 2318 Iren.
1249 2287 1280 2318 iv
1298 2298 1347 2327 34.
1370 2286 1399 2325 6,
1423 2299 1466 2318 on
1487 2289 1543 2321 the

874 2331 980 2361 vision
1018 2330 1055 2361 of
1091 2330 1184 2361 God:
1234 2331 1249 2361 ὁ
1288 2329 1451 2371 ἁχώρητος
1491 2334 1542 2363 καὶ

872 2372 1094 2411 ἀκατάληπτος
1130 2374 1181 2404 καὶ
1211 2372 1351 2413 ἀόρατος,
1387 2375 1542 2414 ὁρώμενον

875 2418 985 2448 ἑαυτὸν
1028 2418 1080 2447 καὶ
1122 2416 1450 2457 καταλαμβανόμενον
1491 2421 1543 2450 καὶ

875 2462 1074 2499 χωρούμενον
1105 2461 1169 2492 τοῖς
1205 2462 1330 2491 πιστοῖς
1363 2462 1540 2500 παρέσχεν,

876 2504 985 2535 where
1009 2503 1064 2535 the
1090 2504 1188 2535 Latin
1214 2504 1389 2545 rendering
1415 2504 1441 2535 is
1475 2506 1541 2536 ‘in-

1568 488 1586 524 υῑ

1572 818 1615 841 10

1569 1146 1611 1183 Ι5
