1727 2734
224 119 278 168 78
780 131 848 162 No
858 132 913 161 VA
925 132 1071 162 ΤΗΝ]
1525 135 1624 173 [XXI

223 234 262 265 et
282 227 322 264 in
342 226 409 264 illo
430 226 581 264 habitat
601 225 641 263 in
663 225 788 272 nobis,
813 234 855 263 ut
875 240 1005 275 neque
1029 227 1152 265 homo
1180 227 1338 266 Christo
1363 228 1624 278 subtrahatur,

224 305 353 341 neque
383 291 569 329 diuinitas
601 298 774 340 negetur.
834 304 926 328 nam
961 291 992 329 si
1026 294 1306 331 tantummodo
1340 301 1432 331 ante
1463 307 1625 332 omnem

224 364 441 394 creaturam
470 363 538 402 est,
562 357 684 394 homo
708 356 746 393 in
773 356 839 394 illo
864 356 1086 394 subtractus
1113 365 1181 395 est.
1241 358 1272 395 si
1297 366 1429 397 autern
1457 367 1625 397 tantum-

224 422 346 459 modo
380 421 502 458 homo
537 428 607 465 est,
640 420 828 458 diuinitas
862 434 963 470 quae
996 429 1088 459 ante
1123 435 1283 460 omnem
1317 432 1535 462 creaturam
1567 432 1625 463 est

181 497 200 536 5
223 487 440 536 intercepta
466 494 534 524 est.
595 494 804 536 utrumque
829 500 920 536 ergo
947 486 987 523 in
1019 486 1176 525 Christo
1201 489 1527 527 confoederatum
1554 497 1623 537 est,

223 560 261 591 et
300 560 509 600 utrumque
544 551 801 589 coniunctum
837 559 906 598 est,
944 559 983 589 et
1015 559 1227 601 utrumque
1258 566 1454 592 conexum
1485 562 1554 600 est,
1587 563 1626 593 et

223 617 374 663 merito,
398 618 493 655 dum
519 624 576 654 est
598 616 636 653 in
661 616 728 654 illo
752 616 901 665 aliquid
926 617 1035 666 quod
1059 624 1215 666 superat
1239 626 1468 665 creaturam,
1494 618 1627 668 pigne-

221 690 304 719 rata
333 681 372 718 in
402 680 469 718 illo
499 679 715 718 diuinitatis
745 689 782 718 et
813 679 1068 717 humanitatis
1097 680 1253 718 uidetur
1283 694 1368 719 esse
1398 682 1622 720 concordia.

220 754 380 796 propter
409 759 528 795 quarn
559 758 729 791 causam,
763 744 830 794 qui
859 746 1046 782 mediator
1072 745 1133 782 dei
1166 750 1202 782 et
1237 746 1433 783 hominum
1462 747 1625 785 effectus

154 822 201 846 10
220 811 457 861 exprimitur,
481 811 521 848 in
542 824 583 848 se
604 812 724 848 deum
746 818 783 848 et
805 810 1010 848 hominem
1030 810 1201 849 sociasse
1223 811 1421 861 reperitur.

301 878 361 913 Ac
394 875 423 913 si
452 875 558 913 idem
584 877 789 925 apostolus
816 877 865 913 de
898 875 1057 914 Christo
1090 877 1215 922 refert,
1246 885 1288 914 ut
1313 883 1451 914 exutus
1477 892 1625 916 carnem

214 946 416 991 potestates
435 942 705 988 dehonestum,
719 943 858 990 palam
886 942 1138 990 triumphata&
1157 943 1236 979 illis
1254 943 1295 979 in
1316 944 1519 992 semetipso,
1542 958 1624 982 non

219 1006 355 1056 utique
376 1005 502 1044 otiose
523 1014 683 1043 exutum
705 1019 822 1044 carne
843 1005 1058 1055 proposuit,
1082 1005 1156 1044 nisi
1177 1006 1366 1056 quoniam
1387 1015 1425 1045 et
1446 1007 1486 1045 in
1503 1022 1625 1047 resur-

217 1071 393 1110 rectione
422 1084 575 1108 rursum
607 1070 792 1108 indutum
824 1070 950 1108 uoluit
981 1070 1166 1119 intellegi.
1226 1071 1314 1120 quis
1343 1080 1401 1109 est
1431 1085 1522 1122 ergo
1551 1072 1624 1112 iste

152 1149 196 1188 15
218 1144 358 1174 exutus
387 1143 425 1173 et
452 1148 582 1172 rursus
613 1135 804 1173 indutus?
833 1134 1032 1184 requirant
1060 1135 1254 1173 haeretici.
1315 1149 1388 1174 nos
1415 1136 1521 1174 enirn
1549 1150 1625 1175 ser-

220 1215 380 1239 monem
413 1200 477 1239 dei
509 1200 655 1238 scimus
686 1200 871 1239 indutum
903 1199 1031 1238 carnis
1062 1200 1335 1248 substantiam,
1367 1202 1623 1251 eundemque

217 1280 370 1304 rursum
398 1274 558 1304 exutum
587 1267 728 1304 eadem
756 1265 931 1315 corporis
953 1266 1124 1313 materia,
1149 1279 1268 1316 quam
1289 1280 1420 1305 rursus
1440 1267 1481 1305 in
1501 1281 1623 1306 resur—

218 1331 391 1370 rectione
422 1332 594 1380 suscepit
621 1338 659 1368 et
689 1330 801 1380 quasi
830 1330 1110 1368 indumentum
1137 1333 1356 1380 resumpsit.
1415 1332 1486 1370 sed
1515 1331 1620 1370 enirn

217 1411 347 1448 neque
368 1405 506 1435 exutus
527 1409 658 1446 neque
678 1396 841 1434 indutus
862 1395 1067 1434 hominem
1084 1396 1264 1435 Christus
1284 1396 1431 1444 fuisset,
1447 1395 1479 1434 si
1499 1397 1621 1435 horno

282 1521 300 1550 8
323 1518 519 1549 humilitatis
535 1529 558 1557 ’γ
576 1519 621 1548 Pa
637 1530 643 1548 :
668 1529 749 1549 corr.
772 1518 824 1549 Fr.
843 1518 921 1559 Jun.

216 1583 298 1604 corr.
316 1574 367 1614 Ja.

1114 1528 1150 1559 13
1176 1524 1206 1550 et
1224 1519 1496 1550 resurrectionem
1511 1530 1535 1558 ’γ
1553 1520 1619 1550 Pa:

261 1683 289 1711 5.
339 1673 552 1711 intercepta]
603 1676 609 1688 ‘
626 1672 828 1703 invalidated
847 1671 853 1683 '
874 1683 880 1702 :

217 1716 256 1747 cf.
293 1727 324 1758 p.
350 1716 402 1748 60.
421 1717 474 1747 8ί
490 1727 550 1747 11θο
582 1716 658 1746 noui
695 1715 883 1746 testamenti

216 1759 399 1801 inte1cepta
415 1760 455 1790 sit
479 1759 645 1808 potestasff
663 1759 743 1789 nith
760 1765 849 1789 note.

261 1813 290 1844 9.
346 1814 356 1833 1
378 1803 466 1833 Tim.
487 1803 508 1833 ii
527 1813 556 1842 5.

266 1857 314 1877 11.
365 1846 436 1878 Col.
462 1846 482 1877 ii
505 1857 540 1885 15
559 1845 658 1886 Vulg.
680 1845 883 1886 ‘exspolians

217 1890 421 1931 principatus
459 1895 491 1920 et
526 1896 705 1930 potestates
740 1889 882 1919 traduxit

217 1933 431 1969 confidenter,
451 1934 560 1974 palam
582 1932 788 1973 triumphans
809 1932 883 1962 illos

216 1977 249 2007 in
264 1976 464 2017 semetipso.'
480 1977 582 2006 Vetus
599 1976 683 2006 Itala
695 1976 752 2006 has
763 1986 883 2006 exuens

217 2031 258 2057 se,
273 2031 292 2050 a
303 2031 393 2051 more
405 2026 528 2051 correct
544 2020 719 2059 rendering
735 2019 771 2049 of
785 2021 881 2049 ἁπεκ-

218 2064 401 2101 δυσάμενος.
442 2063 633 2103 According
646 2069 680 2093 to
697 2062 880 2103 Lighti‘oot,

215 2107 271 2138 the
304 2107 401 2137 Latin
434 2107 571 2137 Fathers
594 2106 762 2147 generally
785 2106 882 2136 inter-

216 2151 330 2191 preted
346 2151 367 2181 it
386 2161 421 2181 as
435 2154 441 2165 ‘
452 2151 584 2191 putting
596 2150 645 2180 off
657 2150 726 2188 [the
745 2149 882 2190 b0<1y]⁷:

217 2193 303 2231 thus,
323 2194 389 2224 like
408 2194 588 2228 Novariam,
608 2193 715 2224 Hilar.
733 2194 769 2223 dc
787 2194 881 2223 Y'rz'n.

217 2237 226 2267 i
249 2247 284 2277 13
303 2238 361 2267 has
379 2244 510 2267 ‘exutus
526 2237 691 2267 carnein’:
717 2247 769 2276 cp.
793 2237 877 2267 RN.

216 2281 355 2320 margin.
403 2281 475 2311 The
514 2281 689 2320 rendering
727 2280 763 2310 os
795 2280 882 2310 1<.V.

219 2324 358 2364 ‘having
390 2330 447 2364 put
480 2323 527 2354 off
555 2323 636 2354 froin
666 2323 801 2354 himself
828 2324 883 2354 the

217 2367 454 2407 principalities
485 2367 551 2397 and
584 2367 637 2397 the
670 2378 807 2407 ponem,
843 2367 884 2397 he

216 2411 312 2440 made
324 2421 342 2440 a
356 2411 446 2440 show
458 2410 494 2440 of
508 2411 595 2440 thern
610 2409 747 2451 openly⁷
762 2409 883 2447 (which

216 2460 399 2494 represents
430 2454 485 2483 the
513 2454 595 2484 view
625 2454 662 2483 of
690 2454 744 2484 the
773 2453 883 2484 Greek

217 2496 368 2537 Fatheis)
401 2503 549 2537 presents
580 2497 679 2527 much
709 2496 879 2536 difficulty.

954 1672 1004 1713 Bp
1036 1673 1151 1703 Moule
1184 1673 1312 1711 (Camb.
1349 1673 1397 1704 Gk
1434 1672 1529 1714 Test.)
1564 1674 1620 1704 de-

952 1715 1047 1746 fends
1083 1716 1168 1747 AN.
1214 1716 1357 1757 ‘having
1390 1715 1533 1757 spoiled'
1570 1717 1620 1748 for

955 1759 1104 1790 Himself
1138 1759 1414 1800 ‘principalities.’
1461 1761 1556 1791 More
1594 1761 1621 1791 is

952 1807 986 1832 to
1018 1802 1059 1833 be
1089 1803 1160 1833 said
1196 1803 1243 1833 for
1283 1803 1338 1834 the
1375 1803 1549 1844 rendering
1586 1804 1623 1834 of

952 1846 1008 1876 the
1038 1846 1153 1876 Latins
1178 1846 1256 1876 than
1290 1846 1461 1886 Lightfoot
1492 1847 1617 1885 allows,

951 1889 1049 1920 when
1086 1889 1128 1919 he
1159 1890 1279 1930 speaks
1317 1890 1354 1920 of
1391 1892 1449 1920 ‘an
1481 1890 1620 1921 isolated

952 1932 1126 1973 metaphor
1142 1933 1251 1963 which
1273 1934 1298 1964 is
1316 1939 1374 1964 not
1391 1933 1565 1974 explained
1583 1944 1620 1964 or

951 1977 1125 2016 suggested
1154 1977 1197 2016 by
1221 1977 1383 2017 anything
1406 1977 1438 2006 in
1463 1977 1518 2008 the
1541 1987 1618 2008 con-

953 2019 1035 2050 text'
1090 2031 1134 2058 τῳ
1173 2018 1311 2059 σταυρῷ,
1346 2021 1402 2051 the
1440 2020 1620 2062 preceding

952 2063 1072 2100 words,
1089 2063 1195 2103 might
1208 2075 1258 2093 su
1244 2065 1358 2104 ὐὲεςν
1365 2063 1527 2104 stripping
1540 2063 1620 2095 fora

951 2107 1103 2137 contest.

1001 2160 1046 2180 12.
1096 2151 1134 2180 in
1150 2150 1352 2188 semetipso]
1370 2151 1426 2180 but
1440 2150 1495 2181 the
1508 2150 1618 2182 Greek

952 2193 1011 2223 has
1025 2194 1056 2223 ἐν
1070 2191 1167 2231 αὐτῷ,
1182 2193 1230 2223 ‘in
1243 2194 1289 2229 it,’
1303 2194 1369 2224 and
1382 2204 1418 2223 so
1435 2193 1490 2224 the
1507 2194 1617 2225 Greek

954 2236 1103 2271 Fathers,
1128 2237 1260 2277 rightly.

997 2280 1038 2310 ila.
1094 2288 1164 2310 non
1193 2282 1317 2316 utique
1354 2280 1479 2318 otiose]
1519 2280 1567 2311 ‘in
1599 2291 1617 2311 a

954 2323 1075 2363 merel)
1109 2324 1312 2364 purposeless
1351 2324 1460 2364 way'.
1506 2324 1619 2364 ulilue

952 2366 1230 2407 afteranegative
1251 2366 1401 2414 ‘simply’
1418 2377 1454 2397 or
1474 2368 1522 2397 ‘at
1539 2367 1617 2404 all‘;

953 2420 989 2440 as
1010 2410 1043 2440 in
1063 2421 1094 2451 p.
1119 2412 1164 2440 18.
1184 2421 1200 2449 5
1227 2414 1308 2440 non
1329 2410 1442 2450 utique
1464 2421 1503 2440 ex
1521 2420 1617 2451 coag-

954 2454 1072 2483 mentis
1099 2452 1349 2494 corporalibus,
1366 2464 1398 2494 p.
1417 2454 1468 2492 48.
1492 2464 1502 2484 1
1533 2457 1615 2484 ‘non

953 2497 1064 2538 utique
1081 2497 1181 2527 homo
1197 2503 1323 2527 tantum
1341 2495 1413 2527 est.’
