1727 2734
215 143 265 184 52
768 145 1058 176 NOVATIANI
1537 145 1616 184 [XV

210 238 324 277 fuerit
351 246 443 276 ante
474 238 582 275 illum
613 251 660 276 ex
687 250 767 287 quo
795 237 924 287 ipsum
951 237 1142 287 originem
1171 236 1348 287 sumpsit.
1408 238 1478 275 sed
1508 237 1613 275 enim

208 303 401 347 Christus,
434 315 524 339 cum
560 315 607 340 ex
636 301 838 338 Abraham
874 300 933 346 sit,
965 308 1056 339 ante
1087 301 1288 338 Abraham
1318 314 1403 339 esse
1434 314 1475 340 se
1505 300 1612 340 dicit.

208 376 275 406 aut
315 366 502 405 mentitur
540 374 578 404 et
618 365 724 413 fallit,
766 365 797 403 si
837 373 929 403 ante
968 365 1170 403 Abraham
1212 379 1292 404 non
1334 366 1418 413 fuit,
1459 366 1528 416 qui
1568 380 1615 404 ex

209 434 410 471 Abraham
446 431 535 469 fuit:
576 439 643 469 aut
678 444 758 469 non
793 430 900 478 fallit,
938 430 969 468 si
1003 430 1121 469 etiam
1156 432 1254 469 deus
1286 439 1355 477 est,
1391 432 1488 469 dum
1522 439 1614 470 ante

166 511 185 548 5
210 498 410 536 Abraham
460 498 542 534 fuit.
616 497 725 546 quod
775 496 850 534 nisi
898 495 1044 543 fuisset,
1090 504 1389 546 consequenter,
1434 510 1526 535 cum
1567 510 1614 535 ex

209 563 410 600 Abraham
446 561 594 607 fuisset,
626 569 717 599 ante
749 561 949 599 Abraham
989 574 1074 599 esse
1109 575 1186 599 non
1222 569 1366 611 posset.
1426 561 1457 600 si
1491 563 1613 600 homo

209 628 489 665 tantummodo
525 626 716 673 Christus,
749 627 954 675 quomodo
988 625 1063 664 ait:
1103 631 1137 662 et
1168 639 1228 675 ego
1260 639 1457 675 agnoscam
1491 639 1554 663 eas
1581 631 1617 663 et

208 699 422 741 sequantur
440 706 495 730 me
516 706 637 736 meae;
665 698 700 729 el
717 705 778 740 ego
803 693 925 729 uitam
953 697 1145 728 aeternam
1172 694 1219 729 do
1238 693 1327 739 illis,
1350 697 1385 729 et
1403 705 1612 741 numquam

200 760 382 807 peribant
400 760 440 795 in
454 758 710 806 perpetuum?
758 758 827 794 sed
844 756 948 794 enim
971 770 1061 794 cum
1083 756 1212 794 omnis
1229 758 1351 795 homo
1368 756 1613 794 mortalitatis

142 843 188 866 10
209 823 256 861 sit
277 823 429 872 legibus
445 822 634 871 alligatus,
654 828 691 859 et
712 820 859 859 idcirco
880 820 919 858 in
940 828 1175 870 perpetuum
1197 834 1237 859 se
1257 821 1340 870 ipse
1362 834 1515 859 seruare
1532 834 1612 859 non

209 889 342 939 possit,
368 890 492 926 multo
515 887 637 937 magis
658 887 697 924 in
722 894 958 937 perpetuum
985 888 1151 925 alterum
1176 900 1329 925 seruare
1357 900 1437 925 non
1458 886 1610 937 poterit.

208 962 247 992 at
281 953 321 992 in
360 960 593 1003 perpetuum
634 965 675 990 se
714 951 894 990 Christus
933 951 1167 1002 repromittit
1206 953 1372 990 salutem
1411 953 1614 999 daturum;

209 1033 328 1069 quarn
369 1018 400 1057 si
439 1031 520 1056 non
555 1019 633 1064 dat,
669 1018 839 1056 mendax
873 1025 948 1055 est:
991 1018 1022 1055 si
1056 1018 1134 1064 dat,
1169 1018 1266 1055 deus
1301 1025 1369 1056 est.
1430 1019 1499 1056 sed
1531 1031 1613 1056 non

209 1083 304 1121 fallit
314 1097 323 1131 3
359 1084 426 1122 dat
453 1084 557 1121 enim
586 1084 696 1132 quod
723 1082 968 1132 repromittit.
1030 1083 1127 1120 deus
1155 1090 1212 1120 est
1234 1095 1337 1133 ergo,
1359 1082 1426 1132 qui
1446 1084 1613 1121 salutem

141 1168 184 1206 15
208 1157 439 1199 perpetuam
474 1148 652 1198 porrigit;
692 1162 810 1198 quam
842 1149 974 1194 homo,
1008 1147 1076 1197 qui
1108 1161 1148 1186 se
1182 1147 1312 1197 ipsum
1344 1161 1499 1186 seruare
1531 1161 1612 1186 non

208 1223 348 1265 potest,
381 1214 491 1252 alteri
522 1221 718 1264 praestare
749 1227 829 1252 non
860 1212 1012 1263 poterit.

290 1281 329 1319 Si
358 1281 481 1318 homo
508 1281 788 1318 tantummodo
816 1279 1008 1323 Christus,
1032 1279 1128 1328 quid
1156 1286 1225 1326 est,
1249 1279 1358 1328 quod
1385 1278 1463 1317 ait:
1493 1292 1554 1327 ego
1582 1283 1617 1316 et

199 1352 320 1396 paler
337 1359 457 1383 unum
478 1346 633 1382 smnus?
663 1345 868 1394 quomodo
890 1344 995 1382 enim
1016 1357 1077 1392 ego
1096 1350 1132 1380 el
1143 1349 1259 1392 paler
1278 1357 1398 1380 unum
1418 1356 1559 1391 sumus,
1583 1343 1614 1381 si

209 1425 289 1450 non
317 1419 356 1450 et
384 1412 483 1449 deus
511 1418 569 1448 est
597 1417 634 1448 et
662 1409 794 1448 filius?
823 1409 891 1459 qui
917 1408 1064 1447 idcirco
1092 1421 1215 1446 unum
1246 1415 1376 1458 potest
1403 1407 1493 1455 dici,
1516 1409 1612 1446 dum

139 1493 187 1517 20
209 1491 255 1515 ex
275 1477 362 1526 ipso
383 1484 452 1522 est,
472 1482 510 1513 et
532 1475 626 1512 dum
650 1473 751 1511 filius
772 1474 855 1511 eius
876 1480 946 1518 est,
964 1480 1002 1511 et
1024 1474 1119 1511 dum
1142 1486 1188 1510 ex
1208 1472 1294 1522 ipso
1315 1472 1497 1519 nascitur,
1516 1473 1611 1511 dum

208 1554 255 1579 ex
274 1540 361 1589 ipso
383 1538 619 1589 processisse
641 1538 852 1588 reperitur3
879 1550 946 1587 per
967 1537 1077 1586 quod
1099 1544 1136 1574 et
1153 1537 1251 1575 deus
1267 1544 1336 1574 est.
1391 1537 1501 1586 quod
1522 1549 1610 1574 cum

210 1604 451 1643 inuidiosum
477 1602 617 1641 Iudaei
647 1610 862 1652 putassent,
889 1609 927 1640 et
958 1602 1235 1651 blasphemum
1266 1601 1535 1647 credidissent,
1565 1614 1613 1640 eo

209 1671 317 1719 quod
350 1683 391 1707 se
425 1669 652 1706 ostenderat
686 1667 745 1705 his
779 1666 1028 1705 sermonibus
1064 1666 1244 1706 Christus
1279 1680 1365 1704 esse
1403 1667 1535 1713 deum,
1567 1680 1612 1705 ac

209 1742 415 1784 propterea
446 1734 497 1771 ad
531 1732 682 1782 lapides
716 1731 1016 1778 concurrissent,
1049 1739 1087 1769 et
1118 1744 1299 1769 saxorum
1335 1731 1434 1769 ictus
1468 1730 1613 1769 inicere

138 1815 182 1853 25
207 1798 440 1849 gestiissent,
483 1799 665 1847 exemplo
704 1805 741 1835 et
780 1796 1007 1835 testimonio
1046 1795 1323 1845 scripturarum
1368 1796 1612 1834 aduersarios

209 1878 301 1903 suos
332 1863 480 1901 fortiter
510 1862 703 1900 refutauit.
763 1863 800 1899 si
825 1862 917 1907 illos,
947 1861 1084 1911 inquit,
1117 1862 1220 1899 dt'xlt
1246 1862 1328 1898 dees
1356 1862 1411 1898 ad
1435 1874 1528 1909 quos
1555 1862 1616 1899 dei

274 1964 289 1994 7
318 1963 384 1984 -am
400 1964 423 1991 ’γ
442 1953 496 1982 Pa.
514 1963 520 1982 :
546 1962 580 1981 -o
594 1952 644 1992 Ja.
675 1962 708 1981 -o
726 1961 814 1981 meas
831 1961 890 1981 ms.
912 1949 1067 1981 VVoweri.
1250 1960 1290 1981 20
1313 1956 1344 1980 et
1361 1950 1438 1980 dum
1456 1951 1538 1981 coni.
1558 1950 1608 1991 Ja.

209 2019 248 2049 23
274 2008 443 2039 Christum
460 2018 482 2045 -γ
502 2007 567 2036 Pa:
595 2016 645 2036 -us
661 2006 744 2036 cani.
764 2006 814 2046 Ja.
938 2004 977 2036 26
1001 2004 1054 2035 dei
1070 2015 1130 2035 om.
1151 2015 1173 2042 ’γ
1192 2004 1247 2034 Pa.

254 2096 280 2126 7.
328 2084 531 2122 agnoscam]
575 2084 629 2124 Jo.
658 2094 676 2113 x
709 2092 746 2122 27
778 2083 876 2123 Vulg.
942 2082 1157 2113 Westcotton
1170 2081 1289 2121 Johnx
1309 2081 1372 2122 30).
1409 2082 1481 2113 The
1498 2088 1612 2114 neuter

209 2132 392 2170 ‘cognosco
416 2138 470 2158 eas
495 2133 527 2157 et
549 2132 729 2167 sequuntur
750 2132 879 2157 memet
940 2126 1064 2166 gender
1077 2125 1103 2155 is
1119 2125 1196 2156 here
1213 2125 1289 2156 held
1303 2130 1338 2156 to
1351 2125 1454 2166 imply
1467 2125 1611 2167 Sonship

207 2184 273 2204 non
291 2172 444 2214 peribunt
461 2171 492 2200 in
511 2169 705 2200 aeternum.‘
941 2170 1005 2199 and
1045 2174 1102 2200 not
1141 2169 1293 2209 personal
1332 2168 1481 2209 identity.
1546 2169 1609 2210 Cp.

257 2227 303 2256 13.
353 2222 460 2252 quam
477 2216 507 2244 si
522 2222 592 2244 non
609 2214 684 2251 dat]
702 2213 763 2253 Cp.
778 2223 796 2243 a
815 2212 878 2243 fine
942 2213 1079 2243 Tertull.
1109 2212 1186 2242 adu.
1218 2213 1373 2242 Praxean
1402 2222 1440 2243 22
1475 2216 1481 2228 ‘
1496 2213 1610 2243 Unum

209 2269 345 2300 passage
371 2259 403 2288 in
432 2258 519 2297 Aug.
548 2257 584 2286 (ἴε
608 2257 718 2287 Doclr.
753 2256 877 2287 Christ.
941 2266 1056 2286 sumus
1076 2255 1189 2286 dicens
1210 2255 1281 2295 Ego
1298 2260 1327 2285 et
1348 2256 1451 2286 Pater
1467 2256 1611 2287 ostendit

210 2304 217 2333 i
256 2314 289 2342 15
325 2306 400 2332 ‘nos
437 2300 684 2331 immortalitate
715 2300 801 2330 male
831 2300 878 2330 usi
942 2299 1025 2330 duos
1058 2309 1126 2329 esse
1157 2309 1239 2339 quos
1270 2304 1388 2339 aequat
1420 2304 1451 2329 et
1483 2299 1611 2340 iungit,'

208 2357 329 2382 sumus,
379 2350 413 2375 ut
460 2353 679 2378 moreremur3
730 2343 879 2375 Christus
942 2343 1006 2373 and
1025 2343 1100 2373 ibid.
1120 2346 1200 2372 ‘tam
1223 2342 1304 2372 duos
1323 2352 1423 2382 quam
1447 2342 1610 2383 insepara-

209 2389 408 2420 mortalitate
430 2388 513 2418 bene
529 2398 605 2417 usus
622 2391 680 2424 est,
700 2391 734 2416 ut
754 2386 878 2417 uiuere·
943 2384 1016 2416 tos.’

210 2432 304 2463 mus)
986 2429 1024 2459 ila.
1073 2430 1102 2458 Si
1126 2436 1196 2459 non
1219 2430 1255 2458 et
1279 2428 1359 2466 cet]
1385 2428 1441 2458 ‘If
1460 2429 1515 2459 the
1540 2428 1608 2460 Son

259 2478 303 2506 18.
363 2474 485 2512 unum]
522 2475 565 2507 ἓν,
602 2474 609 2487 ⁶
628 2484 690 2503 one
725 2473 877 2506 Essence.
943 2473 1011 2502 also
1030 2473 1055 2501 is
1072 2477 1127 2501 not
1146 2472 1220 2501 (iod
1239 2482 1272 2501 as
1291 2471 1363 2501 well
1381 2471 1430 2510 [as
1447 2472 1560 2510 man].'

209 2526 265 2550 not
291 2530 352 2548 one
385 2519 522 2548 Person:
548 2528 603 2546 arv
632 2522 687 2547 not
715 2515 786 2545 am’
816 2517 878 2556 (131)
992 2516 1038 2545 26.
1083 2515 1171 2556 John
1190 2526 1206 2545 x
1227 2525 1276 2553 35.
