1727 2734
127 507 145 544 5

105 832 150 855 10

106 1158 147 1194 15

106 1482 153 1506 20

105 1803 151 1842 25

720 137 788 169 NO
798 138 854 169 VA
865 138 1011 169 TJANJ

162 139 221 178 40
1480 135 1565 175 [ΧΠ

164 235 274 281 deus,
307 234 431 272 immo
459 234 585 271 multo
617 232 740 282 magis
770 231 889 270 etiam
921 233 961 269 in
993 231 1108 270 nobis
1140 239 1209 270 est.
1268 230 1477 270 nobiscum
1510 238 1568 269 est

166 299 371 340 Christus:
413 307 471 337 est
506 312 597 348 ergo
632 297 743 336 cuius
778 310 927 335 nomen
961 304 1019 335 est
1052 297 1239 334 vobisc-mn
1272 297 1372 344 deus,
1404 295 1496 346 quia
1529 302 1568 333 et

166 365 376 404 nobiscum
407 371 477 402 est.
541 370 608 401 aut
636 362 832 412 numquid
862 374 943 400 non
973 369 1031 400 est
1058 361 1298 400 nobiscum?
1336 374 1416 411 quo
1446 361 1568 399 modo

166 443 259 480 ergo
305 429 401 468 dicit
447 442 487 466 se
533 427 741 466 nobiscum
789 429 903 465 esse?
962 434 1020 464 est
1069 440 1162 476 ergo
1210 426 1444 465 nobiscum:
1498 426 1569 464 sed

168 494 356 546 quoniam
386 493 596 532 nobiscum
624 500 692 539 est,
728 493 976 539 Emmanuel,
999 491 1039 530 id
1066 500 1137 538 est,
1160 494 1344 530 nobiscum
1370 494 1468 539 deus,
1491 491 1570 530 die-

167 569 229 598 tus
261 567 330 598 est.
390 559 489 597 deus
518 570 610 607 ergo
640 557 732 607 quia
761 556 971 595 nobiscum
1001 564 1070 603 est,
1103 558 1290 595 nobiscum
1319 558 1411 594 deus
1440 556 1569 595 dictus

168 632 237 664 est.
298 624 403 662 idem
432 623 668 673 prophetes:
706 623 956 667 conualescz'te,
986 635 1125 659 manus
1152 623 1367 667 dzksolutae,
1393 627 1428 658 et
1444 634 1571 670 genua

168 690 305 727 debilia
316 704 327 733 ,·
349 687 598 726 consolamini
606 687 879 735 pusillanimes
893 698 1012 731 sensu,
1030 687 1278 732 convalescite,
1297 687 1411 723 nolite
1422 687 1572 723 timere:

168 766 237 791 ecce
262 754 351 790 deus
377 758 503 789 nester
530 752 711 789 iudicium
741 751 944 788 retribuet:
973 751 1050 799 ipse
1079 752 1204 788 nenia
1229 756 1264 788 et
1287 752 1458 788 saluabit
1481 764 1572 788 7205:

169 825 259 857 tunc
277 819 497 866 aperientur
520 818 619 854 oculi
641 829 839 862 caecorum,
863 821 898 852 et
914 829 1027 852 aures
1045 817 1252 852 surdorum
1272 817 1454 860 audient;
1485 821 1576 853 tunc

167 885 281 922 saliet
298 883 455 920 claudus
474 882 571 920 sicut
587 895 729 929 ceruus,
751 887 787 919 et
803 882 946 919 diserta
966 883 1041 918 erit
1057 881 1191 929 lingua
1218 886 1420 919 mutorum.
1480 881 1510 919 si
1531 880 1572 918 in

169 949 345 986 aduentu
374 947 437 985 dei
464 946 559 985 dicit
580 947 791 996 prophetes
812 947 910 984 haec
930 946 1059 983 futura
1079 944 1199 995 signa,
1222 958 1323 994 quae
1347 946 1448 983 faeta
1469 953 1570 992 sunt,

170 1022 237 1052 aut
267 1013 331 1051 dei
361 1013 484 1051 filium
509 1020 725 1062 agnoscant
747 1011 962 1059 Christum,
983 1011 1021 1048 in
1044 1010 1154 1049 cuius
1180 1012 1356 1049 aduentu
1383 1018 1421 1049 et
1444 1024 1467 1048 a
1492 1023 1573 1060 quo

172 1081 268 1117 haec
290 1079 501 1116 sanitatum
523 1078 633 1128 signa
653 1078 754 1116 facta
774 1084 888 1115 sunt:
918 1084 984 1114 aut
1005 1076 1222 1114 diuinitatis
1244 1075 1388 1115 Christi
1410 1075 1574 1114 ueritate

172 1143 352 1194 superati,
387 1143 427 1180 in
466 1144 628 1181 alteram
664 1141 856 1180 haeresim
891 1149 1058 1187 ruentes,
1091 1140 1292 1179 Christum
1323 1142 1419 1178 dum
1449 1140 1573 1178 filium

172 1208 236 1246 dei
266 1218 303 1245 et
334 1209 452 1246 deum
484 1206 662 1245 confiteri
687 1207 838 1253 nolunt,
868 1213 1018 1255 patrem
1045 1205 1155 1242 illum
1183 1218 1268 1243 esse
1297 1207 1571 1244 confiteantur.

172 1273 338 1311 uocibus
360 1272 466 1311 enim
487 1273 767 1322 prophetarum
796 1271 934 1309 inclusi
963 1270 1039 1308 iarn
1066 1270 1267 1309 Christum
1292 1272 1411 1308 deum
1432 1284 1574 1320 negare

171 1352 252 1377 non
274 1345 450 1388 possunt.
509 1337 605 1386 quid
626 1350 717 1386 ergo
738 1337 991 1386 respondent,
1012 1349 1102 1373 cum
1124 1335 1163 1372 in
1184 1336 1360 1373 aduentu
1385 1335 1450 1374 dei
1476 1336 1574 1374 haec

172 1403 283 1453 signa
317 1404 445 1440 futura
480 1401 675 1446 dicuntur,
708 1414 810 1450 quae
844 1400 883 1438 in
918 1401 1094 1438 aduentu
1131 1400 1276 1439 Christi
1310 1408 1418 1450 gesta
1452 1402 1575 1439 sunt?

173 1467 375 1507 Christum
411 1466 577 1516 qualiter
610 1465 809 1515 accipiunt
844 1467 963 1503 deum
1000 1465 1135 1515 (deum
1176 1465 1281 1503 enim
1321 1465 1398 1503 iam
1432 1479 1574 1515 negare

173 1547 254 1571 non
280 1532 474 1582 possunt),
504 1545 583 1581 qua
611 1539 761 1581 patrem
792 1539 858 1568 aut
885 1544 963 1580 qua
991 1530 1144 1568 filium?
1174 1531 1204 1568 si
1233 1544 1310 1580 qua
1340 1531 1474 1578 filium,
1507 1545 1576 1570 cur

173 1597 236 1636 dei
270 1597 393 1634 filium
433 1598 553 1635 deum
593 1597 770 1646 negant?
809 1595 838 1633 si
879 1609 956 1645 qua
995 1604 1158 1645 patrem,
1190 1610 1258 1634 cur
1297 1610 1364 1634 eos
1404 1610 1485 1635 non
1520 1611 1576 1636 se-

173 1670 359 1712 quuntur,
401 1661 468 1711 qui
511 1660 709 1699 eiusmodi
753 1660 1019 1710 blasphemias
1064 1669 1196 1699 tenere
1240 1661 1454 1700 uidentur?
1501 1662 1576 1700 nisi

173 1727 362 1776 quoniam
384 1726 500 1765 nobis
521 1725 560 1763 in
582 1727 658 1764 hoc
678 1726 869 1763 aduersus
890 1725 976 1762 illos
997 1726 1047 1763 de
1074 1725 1237 1763 ueritate
1258 1725 1472 1764 certamine
1499 1727 1576 1765 hoc

173 1792 329 1830 interim
358 1792 509 1837 sufficit,
539 1798 582 1828 ut
603 1803 858 1840 quocumque
886 1803 1030 1839 genere
1054 1790 1228 1827 conuicti
1253 1790 1455 1829 Christum
1486 1804 1577 1829 con-

173 1858 357 1896 fiteantur
378 1864 415 1894 et
436 1857 567 1902 deum,
598 1868 717 1904 quem
738 1854 855 1893 etiam
877 1855 996 1892 deum
1019 1867 1160 1904 negare
1182 1856 1402 1893 uoluerunt.

243 1953 274 1975 11
305 1944 330 1973 si
359 1955 399 1973 a:
425 1943 474 1973 sin
499 1943 542 1973 al.
785 1941 821 1972 16
846 1941 1065 1973 confiteamur
1083 1941 1155 1972 We.
1174 1942 1242 1982 Ja.:
1269 1942 1424 1972 -ebuntur
1435 1943 1573 1982 priores.

176 2009 216 2031 20
238 1998 341 2038 accip.
363 1998 462 2028 deum
482 1998 536 2028 Pa.
556 2003 682 2028 seculus
699 2008 738 2027 a:
763 1997 867 2038 accip.
888 1996 1058 2026 (lominum
1076 1997 1118 2026 al.

220 2086 248 2115 7.
296 2077 531 2106 conualescite
562 2075 641 2113 cet.]
690 2075 734 2105 Is.
758 2086 842 2104 xxxv

175 2119 268 2158 3—6.
320 2120 392 2150 The
414 2119 510 2149 LXX
528 2119 606 2149 here
628 2117 738 2148 differs
760 2117 843 2148 froin

173 2163 229 2193 the
247 2163 344 2203 Vulg.
359 2175 366 2195 :
391 2173 455 2203 e.g.
475 2161 722 2193 ‘consolamini'
739 2172 843 2202 repre-

911 2075 918 2089 ‘
933 2073 1171 2122 profiteantur,⁷
1189 2073 1226 2104 os
1239 2074 1326 2105 what
1344 2075 1369 2104 is
1385 2084 1403 2104 a
1421 2074 1578 2106 heretical

907 2124 1076 2148 assertion.

953 2170 1003 2200 23·
1054 2160 1192 2191 ‘Unless
1224 2161 1247 2191 it
1276 2161 1317 2191 be
1345 2160 1426 2195 that,
1452 2161 1484 2191 in
1514 2161 1578 2192 this

173 2212 262 2236 sents
280 2206 526 2245 παρακαλέσατε
544 2205 652 2236 where
671 2205 770 2245 X'ulg.
786 2204 844 2235 has

175 2249 293 2280 ‘dicite
315 2248 545 2290 pusillanimis,
563 2247 829 2280 Confortamini.’

222 2303 270 2330 14.
318 2292 527 2330 sanitatum]
588 2294 595 2306 ‘
608 2302 699 2322 cures
712 2291 738 2328 ';
807 2302 843 2321 so

174 2346 205 2377 p.
234 2346 274 2376 ²9
298 2336 318 2366 l.
354 2344 399 2366 ιο.

222 2389 232 2409 ι
241 2388 270 2418 5.
316 2381 466 2409 alteram
482 2378 671 2416 haeresim]
695 2377 793 2408 refers
810 2383 843 2408 to

173 2422 228 2453 the
240 2422 408 2453 Sabellian
425 2422 557 2461 heresy:
575 2432 628 2452 see
647 2421 774 2451 Introd.
792 2423 807 2458 ξ
827 2431 843 2461 3

174 2476 206 2507 p.
225 2476 300 2496 xxx.

222 2507 270 2540 16.
318 2508 392 2540 One
430 2508 538 2539 would
580 2507 689 2538 rather
727 2513 842 2548 expect

907 2203 1098 2234 contentiori
1138 2203 1216 2234 with
1256 2203 1345 2234 them
1384 2205 1483 2235 about
1523 2205 1577 2236 the

909 2247 1008 2284 truth,
1036 2247 1058 2277 it
1084 2247 1110 2277 is
1133 2247 1264 2287 enough
1289 2246 1337 2277 for
1361 2257 1420 2277 our
1447 2254 1577 2288 present

909 2300 1052 2331 purpose
1076 2290 1157 2327 that,
1189 2301 1232 2321 no
1257 2296 1375 2320 matter
1398 2290 1473 2321 how
1501 2291 1577 2332 they

906 2344 960 2364 are
979 2333 1115 2370 resuted,
1135 2333 1212 2373 they
1227 2333 1346 2364 should
1363 2334 1490 2364 consess
1508 2334 1578 2365 that

908 2377 1018 2409 Christ
1040 2377 1065 2406 is
1086 2377 1156 2407 also
1179 2377 1275 2413 (30d;
1298 2376 1347 2407 for
1364 2377 1428 2407 this
1446 2378 1471 2407 is
1490 2378 1577 2408 what

909 2420 985 2461 they
1009 2420 1131 2450 wished
1158 2425 1191 2450 to
1219 2418 1328 2460 deny.'
1374 2420 1460 2451 That
1490 2421 1515 2451 is
1543 2427 1577 2452 to

908 2474 983 2504 say:
1009 2464 1052 2493 do
1069 2473 1103 2493 as
1121 2462 1197 2502 they
1214 2463 1292 2500 will,
1312 2463 1402 2494 these
1421 2463 1578 2495 doubters

908 2513 1027 2537 cannot
1039 2506 1117 2547 help
1130 2506 1228 2547 being
1243 2506 1469 2538 inconsistent.
1512 2508 1577 2538 For
