1727 2734
84 144 197 183 XXV]
494 143 565 173 DE
604 142 810 172 'l'lelNl'l'A
822 142 883 172 TE
915 141 1068 172 LlBEA‘
1431 142 1486 182 93

82 246 125 276 ut
164 251 244 276 non
280 237 403 287 possit
435 236 610 282 interfici,
650 237 774 273 multo
808 235 929 286 magis
964 236 1066 272 hanc
1099 236 1218 273 habet
1248 244 1485 286 potestatem

82 301 324 352 generositas
363 299 473 339 uerbi
507 299 581 345 dei,
620 307 661 337 ut
697 313 777 337 non
809 299 932 349 possit
971 299 1110 337 occidi.
1171 313 1261 337 nam
1295 300 1325 338 si
1360 310 1487 351 potes-

81 374 139 405 tas
174 366 381 405 hominum
410 367 461 403 ad
494 365 808 403 interficiendam
839 378 988 403 sacram
1019 364 1083 403 dei
1110 373 1357 414 potestatem,
1387 375 1424 406 et
1456 368 1486 406 si

80 431 290 470 crudelitas
325 432 499 468 humana
532 432 582 468 ad
622 430 934 469 interficiendam
969 430 1142 468 animam
1175 432 1318 479 deficit,
1362 435 1486 472 multo

81 496 202 546 magis
233 497 284 534 ad
315 495 379 534 dei
412 496 578 534 uerbum
610 495 926 534 interficiendum
960 496 1128 534 deficere
1161 497 1333 535 debebit.
1394 513 1484 536 nam

79 575 169 600 cum
192 562 276 612 ipsa
295 561 437 608 anima,
461 575 562 611 quac
584 575 651 610 per
679 561 742 599 dei
771 561 935 599 uerbum
961 561 1063 598 facta
1083 569 1151 607 est,
1178 562 1228 599 ab
1256 563 1485 602 hominihus

79 640 160 665 non
190 626 394 671 occiditur,
437 628 561 664 multo
598 626 719 676 magis
754 625 890 676 utique
925 626 1091 664 uerbum
1127 627 1188 665 dei
1226 628 1363 677 perimi
1403 642 1484 667 non

79 705 194 741 posse
234 693 425 730 credetur.
498 699 536 730 et
577 691 607 729 si
649 693 736 741 plus
777 704 858 728 non
900 698 1029 740 potest
1073 691 1280 729 hominum
1322 702 1485 732 cruenta

78 756 242 794 saeuitia
289 758 478 795 aduersus
527 757 720 803 homines,
761 770 880 806 quam
930 764 971 794 ut
1019 758 1298 795 tantummodo
1342 772 1484 808 corpus

78 822 245 869 occidat,
269 830 418 872 quanto
442 822 563 871 magis
585 821 720 871 utique
748 821 787 859 in
814 822 971 860 Christo
1000 835 1080 860 non
1109 822 1267 866 ualebit,
1295 836 1412 872 quam
1443 832 1484 862 ut

78 888 171 927 item
194 889 474 926 tantummodo
495 902 636 938 corpus
658 887 836 926 occidat:
868 895 921 934 ut,
952 889 1047 926 dum
1073 901 1142 937 per
1169 889 1266 926 haec
1290 888 1484 938 colligitur

77 966 158 991 non
180 953 253 991 nisi
275 953 478 992 hominem
501 953 537 990 in
563 953 720 991 Christo
742 953 1002 1000 interfectum,
1028 962 1213 1003 appareat
1240 955 1290 992 ad
1317 954 1484 992 mortali-

77 1026 197 1057 tatem
216 1032 438 1057 sermonem
461 1019 500 1056 in
522 1020 610 1056 loco
633 1032 713 1056 non
735 1031 819 1056 esse
837 1020 1065 1057 deductum.
1109 1033 1199 1057 nam
1217 1019 1248 1057 si
1266 1020 1480 1066 Abraham,

76 1091 114 1121 et
144 1085 265 1130 Isaac,
293 1092 330 1121 et
360 1084 493 1130 Iacob⁷
518 1096 617 1132 quos
646 1083 827 1121 homines
858 1085 1137 1122 tantummodo
1167 1092 1321 1122 constat
1353 1085 1480 1132 fuisse,

78 1148 331 1187 manifestum
352 1156 410 1186 est
431 1150 748 1186 uiuere—omnes
774 1149 884 1195 enlm,
908 1148 1045 1198 inquit,
1068 1148 1122 1186 illi
1150 1151 1292 1186 uinum*
1309 1151 1384 1197 deo,
1410 1163 1482 1188 nec

77 1225 183 1250 mors
204 1212 243 1250 in
264 1212 337 1250 illis
353 1214 526 1250 animam
545 1212 709 1262 perimit,
729 1225 830 1262 quae
847 1226 1012 1262 corpora
1028 1213 1111 1263 ipsa
1128 1213 1244 1251 soluit
1261 1228 1268 1259 ;
1296 1214 1354 1251 ius
1376 1215 1481 1252 enim

76 1290 192 1315 suum
214 1290 391 1316 exercere
413 1277 541 1327 potuit
562 1277 601 1314 in
623 1290 797 1327 corpora,
817 1277 856 1315 in
876 1278 1028 1316 animas
1049 1292 1228 1317 exercere
1242 1292 1323 1316 non
1339 1279 1481 1318 ualuit:

75 1342 183 1381 aliud
205 1342 310 1381 enim
332 1342 370 1380 in
393 1342 466 1380 illis
488 1344 662 1388 mortale,
690 1350 728 1380 et
753 1342 844 1381 ideo
872 1351 1082 1389 mortuum,
1113 1343 1219 1382 aliud
1247 1343 1287 1381 in
1314 1343 1388 1382 illis
1415 1344 1484 1382 im-

77 1409 253 1454 mortale,
277 1415 314 1446 et
340 1407 429 1445 ideo
455 1407 690 1456 intellegitur
716 1420 795 1446 non
821 1408 1068 1454 exstinctum,
1097 1409 1149 1446 ob
1177 1422 1295 1458 quam
1322 1422 1481 1447 causam

76 1473 210 1512 uiuere
231 1474 308 1511 deo
329 1473 570 1523 pronuntiati
591 1481 628 1511 et
650 1473 744 1512 dicti
766 1476 1052 1521 surm—multo
1075 1475 1196 1524 magis
1219 1475 1354 1525 utique
1376 1490 1480 1515 mors

74 1537 115 1575 in
141 1537 343 1577 Christum
371 1539 583 1577 aduersum
611 1541 734 1577 solam
762 1539 964 1578 materiam
989 1540 1161 1590 corporis
1189 1541 1317 1589 potuit
1338 1543 1479 1587 ualere,

75 1605 265 1643 aduersus
287 1604 535 1642 diuinitatem
558 1604 749 1642 sermonis
771 1618 851 1642 non
876 1605 1004 1654 potuit
1031 1619 1071 1643 se
1093 1619 1282 1644 exercere.
1346 1607 1482 1657 frangi-

75 1676 136 1707 tur
168 1668 273 1707 enim
306 1676 479 1718 potestas
515 1668 660 1714 mortis,
696 1669 763 1706 ubi
798 1669 1005 1708 intercedit
1036 1669 1247 1708 auctoritas
1280 1670 1479 1710 immorta-

73 1734 204 1773 litatis.

144 1836 154 1856 1
166 1835 176 1855 1
205 1825 293 1855 idem
310 1824 376 1855 edd.
394 1836 401 1854 :
426 1824 541 1855 eadem
559 1824 606 1854 G:
632 1824 710 1854 item
728 1833 785 1854 nos
801 1833 881 1854 corr.
1066 1834 1099 1863 13
1125 1824 1157 1854 in
1176 1823 1249 1855 loco
1266 1835 1288 1862 -γ
1307 1824 1352 1854 Pa
1368 1824 1480 1854 ceteri:

74 1879 108 1910 in
125 1879 182 1910 illo
199 1879 281 1909 coni.
304 1879 433 1909 Latin-z
459 1878 559 1909 inlico
577 1879 629 1916 (sc.
651 1877 740 1918 ilico)
756 1878 806 1918 Ja.

120 1972 148 2003 3.
199 1970 336 1992 sacram
363 1963 419 1992 dei
446 1962 674 2000 potestatem]
697 1972 741 1993 se.
861 1971 907 1999 15.
958 1961 1053 1992 Luke
1085 1973 1127 1992 xx
1157 1962 1206 2001 38.
1264 1962 1294 1992 It
1323 1962 1348 1992 is
1375 1962 1480 1992 worth

79 2006 129 2036 ‘ut
151 2015 218 2036 non
241 2005 344 2045 possit
370 2005 523 2035 interfici'
549 2004 627 2044 (line
657 2006 696 2043 1),
724 2016 742 2035 a
813 2004 910 2035 while
928 2011 961 2035 to
986 2005 1123 2035 observe
1147 2005 1222 2035 how
1241 2004 1314 2035 N.’s
1331 2004 1480 2035 addition

76 2059 189 2090 power
227 2048 376 2079 inherent
413 2049 445 2078 in
483 2048 537 2079 the
569 2049 640 2079 soul
676 2048 742 2078 and
812 2047 849 2078 of
871 2047 956 2078 ‘illi’
984 2058 1128 2079 narrows
1157 2048 1211 2078 the
1237 2059 1336 2089 scope
1364 2048 1402 2078 of
1425 2048 1481 2079 the

74 2092 172 2133 given
200 2092 243 2132 by
268 2091 363 2122 God:
398 2092 448 2122 dei
474 2091 574 2132 being
600 2102 619 2122 a
648 2092 740 2122 ‘sub-
812 2091 936 2131 saying.

73 2135 211 2176 jective’
234 2135 390 2175 genitive.
856 2135 990 2165 XXVI.
1033 2135 1202 2165 Herclical
1210 2135 1379 2173 objections
1385 2135 1480 2176 from

124 2188 172 2218 13.
218 2179 256 2208 in
285 2178 374 2216 loco]
425 2177 506 2209 This
536 2188 676 2219 appears
708 2183 741 2208 to
812 2179 864 2209 tlte
879 2178 971 2208 other
984 2177 1105 2208 side—-‘
1118 2178 1160 2218 lf
1170 2178 1256 2208 {ltere
1275 2179 1304 2208 z's
1328 2179 1397 2209 One
1416 2178 1487 2208 God

76 2222 118 2253 be
149 2232 191 2252 an
223 2221 391 2252 adverbia]
423 2221 542 2261 phrase
573 2221 652 2251 with
685 2221 741 2252 the
811 2222 882 2252 and
898 2221 1013 2252 Christ
1029 2221 1057 2251 z's
1077 2221 1154 2256 sz',
1173 2221 1286 2252 Christ
1301 2221 1397 2261 being
1413 2221 1481 2252 One

75 2275 169 2296 sense
189 2266 196 2279 ‘
208 2264 401 2295 therein’or
417 2264 467 2294 ‘in
479 2264 739 2305 consequence':
816 2265 886 2296 God
897 2265 980 2295 willa
1002 2264 1055 2294 the
1070 2265 1192 2295 Fallzer
1211 2264 1238 2295 is
1259 2264 1312 2295 llze
1333 2264 1479 2295 Fallzer.’

75 2308 126 2340 for
156 2308 265 2338 which
297 2318 387 2339 some
418 2313 556 2349 support
595 2318 670 2348 may
701 2308 741 2339 be
815 2309 883 2339 But
907 2308 980 2347 they
1005 2318 1061 2338 are
1087 2308 1189 2347 using
1211 2318 1323 2338 names
1345 2308 1482 2338 tm'llwul

77 2351 180 2383 found
204 2351 236 2382 in
261 2351 341 2382 such
365 2362 384 2381 a
407 2362 465 2382 use
489 2350 526 2381 of
546 2351 621 2381 ilico
642 2362 676 2381 as
693 2362 742 2382 we
813 2351 1024 2391 intellzgrence.
1078 2351 1142 2381 The
1161 2352 1227 2381 Son
1243 2352 1271 2381 is
1292 2351 1343 2381 tlte
1362 2352 1487 2382 Second

77 2394 146 2426 find
172 2394 205 2425 in
233 2394 303 2426 Cic.
330 2395 381 2425 De
402 2395 484 2425 Fato
507 2395 523 2432 ξ
548 2396 586 2426 28
615 2396 691 2425 ‘nec
715 2394 741 2425 si
814 2396 934 2426 Person
965 2394 1005 2435 of
1023 2394 1076 2424 tlze
1109 2394 1242 2434 Trinily
1270 2399 1347 2424 next
1372 2399 1401 2425 to
1432 2395 1484 2425 tlze

77 2448 175 2470 omne
206 2437 412 2468 enuntiatum
451 2443 506 2468 aut
542 2448 656 2469 uerum
687 2443 743 2469 aut
813 2438 953 2469 Fatlcer:
972 2449 1008 2468 as
1026 2448 1101 2476 may
1113 2437 1146 2468 be
1157 2438 1266 2468 slzezwz
1276 2437 1366 2475 from
1382 2449 1483 2478 many

77 2481 196 2512 falsum
212 2486 270 2519 est,
291 2482 436 2522 sequitur
450 2481 526 2512 ilico
543 2492 613 2512 esse
629 2491 743 2512 causas
808 2487 960 2522 passages
971 2481 1012 2521 of
1020 2481 1101 2512 O.T.
1118 2481 1191 2511 and
1199 2481 1244 2512 N.
1256 2481 1303 2517 71,
1317 2481 1483 2522 especially

78 2524 293 2556 immutabilis
309 2524 413 2566 quae’
431 2530 493 2556 etc.
814 2525 896 2566 qut
906 2524 1007 2565 Jolm.
1040 2524 1072 2554 T
1067 2524 1104 2555 lle
1115 2524 1206 2555 Lord
1217 2524 1482 2565 Hz'msegffipeaks

1507 509 1527 547 5

1509 834 1557 857 10

1509 1161 1553 1199 Ι5

1505 1491 1554 1516 20
