1727 2734
131 154 231 193 xlx]
545 157 617 187 DE
653 156 858 187 ΤᾸἸΝΙΤΑ
868 157 931 187 TE
962 158 1114 188 ΗΒΕΑ)
1480 149 1536 197 69

130 249 251 286 Iacob.
310 255 346 286 et
382 262 456 297 ego,
499 249 637 299 inquit,
674 251 785 287 dixi:
818 251 915 298 quid
947 253 1029 288 est?
1085 253 1213 300 aspice,
1250 253 1388 300 inquit,
1421 255 1537 291 oculis

131 314 219 359 tuis,
250 319 285 350 et
317 315 402 351 uide
434 315 556 352 hircos
589 321 625 352 et
656 316 792 353 arietes
826 317 1056 353 ascendentes
1087 323 1202 364 super
1227 330 1310 354 oues
1338 323 1373 354 et
1398 325 1535 366 capras

131 379 305 417 auriolos
337 380 442 417 albos
474 385 509 416 et
545 382 678 418 uarios
714 386 749 417 et
784 382 972 419 cinerl'ct'os
1009 387 1044 418 et
1079 389 1257 430 aspersos.
1320 384 1405 420 uidi
1434 386 1533 422 enim

129 457 380 493 quaecumque
399 446 474 482 tibi
492 447 629 483 Laban
648 447 754 494 fecit.
812 459 874 495 ego
899 459 983 483 snm
1011 448 1102 484 deus
1129 449 1200 495 qui
1223 449 1330 485 uz'sus
1355 461 1438 485 sum
1465 450 1539 486 tihi

130 509 171 545 in
201 510 276 546 loco
303 510 371 556 dei,
405 512 472 548 aba·
507 512 661 547 unxisti
694 511 795 547 milti
823 511 901 547 illic
931 515 1094 547 stantem
1127 512 1301 559 lapidem,
1334 518 1368 549 el
1395 514 1539 550 uom'ssz'
1555 521 1573 558 5

132 575 231 612 milei
247 576 327 613 illic
345 581 485 613 uotum.
546 589 647 613 mmc
664 589 749 623 ergo
768 587 884 624 surge,
907 580 943 611 et
956 575 1192 624 prcfict'scere
1208 579 1252 613 de
1269 583 1374 614 terra
1401 579 1480 623 lcac,
1502 584 1537 614 et

131 641 229 677 uade
261 641 300 678 in
335 647 477 679 terram
512 641 732 678 natiuitatis
764 646 857 686 luae,
885 646 920 677 et
946 653 1008 677 ero
1035 646 1160 679 lecum.
1221 642 1252 680 si
1278 644 1440 693 angelus
1470 644 1530 682 dei

130 706 305 756 loquitur
331 709 429 746 haec
455 709 506 746 ad
533 707 666 754 Iacob,
689 714 808 755 atque
832 705 915 755 ipse
941 708 1105 756 angelus
1132 707 1256 754 infert,
1287 708 1441 747 dicens:
1471 723 1534 758 ego

129 783 213 808 sum
251 772 341 810 deus
379 774 448 821 qui
483 774 588 809 uisus
620 785 704 809 sum
744 772 817 808 tibi
845 772 886 808 in
920 774 993 809 loco
1027 773 1095 819 dei,
1133 786 1214 810 non
1253 776 1533 813 tantummodo

129 837 236 875 hunc
270 839 453 887 angelum
493 838 562 876 sed
601 845 639 875 et
673 837 794 875 deum
828 836 1000 886 positum
1040 837 1124 875 sine
1163 839 1241 875 ulla
1274 838 1534 877 haesitatione
1558 855 1603 879 10

129 901 409 951 conspicimus,
428 902 574 952 quippe
595 900 669 939 sibi
686 908 823 938 uotum
841 901 955 939 refert
975 901 1025 939 ab
1048 902 1171 940 Iacob
1191 902 1430 941 destinatum
1448 916 1534 942 esse

129 967 171 1004 in
192 968 264 1004 loco
284 968 351 1012 dei,
375 974 413 1005 et
440 979 521 1004 non
544 965 639 1004 dicit
667 965 743 1002 “in
764 966 853 1003 1000
875 967 1000 1004 meo.⁷'
1057 974 1115 1004 est
1136 980 1227 1017 ergo
1248 968 1358 1005 locus
1380 967 1455 1013 dei,
1475 976 1532 1006 est

128 1039 167 1069 et
187 1030 250 1069 hic
271 1032 380 1069 deus.
441 1032 510 1069 sed
536 1030 641 1069 enim
663 1030 717 1068 ibi
744 1029 972 1080 simpliciter
998 1039 1056 1069 est
1084 1033 1124 1068 in
1150 1032 1225 1069 loco
1250 1033 1313 1070 dei
1336 1033 1532 1083 positum;

129 1109 259 1145 neque
275 1096 381 1134 enim
399 1096 549 1134 dictum
566 1103 623 1133 est
647 1095 716 1132 “in
737 1096 827 1133 1000
848 1095 975 1144 angeli
997 1104 1035 1133 et
1051 1096 1151 1142 dei,⁷'
1165 1098 1234 1135 sed
1251 1101 1531 1137 tantummodo

131 1161 260 1199 “dei''
318 1161 382 1199 hic
402 1169 536 1199 autem
564 1160 631 1210 qui
658 1160 731 1198 ista
758 1160 961 1209 promittit,
985 1162 1083 1199 deus
1112 1170 1232 1211 atque
1255 1165 1418 1212 angelus
1446 1178 1531 1203 esse
1556 1177 1598 1215 15

126 1226 372 1276 perhibeturg
403 1234 444 1264 ut
466 1226 605 1264 merito
627 1225 828 1263 distinctio
849 1225 897 1263 sit
918 1226 1018 1264 inter
1038 1240 1129 1265 eum
1157 1227 1224 1276 qui
1251 1230 1530 1268 tantummodo

126 1291 225 1329 deus
257 1291 410 1335 dicitur,
441 1299 479 1329 et
514 1291 614 1328 inter
652 1303 743 1328 eum
783 1290 850 1339 qui
886 1303 966 1328 non
996 1292 1094 1329 deus
1125 1291 1353 1341 simpliciter
1391 1295 1461 1332 sed
1493 1303 1530 1332 et

125 1356 288 1405 angelus
308 1355 595 1405 pronuntiatur.
661 1368 707 1392 ex
735 1367 814 1404 quo
842 1354 873 1392 si
901 1355 1045 1393 nullius
1071 1357 1229 1394 alterius
1250 1357 1379 1407 angeli
1399 1366 1530 1408 potest

125 1419 189 1457 hic
209 1420 336 1470 accipi
356 1428 464 1458 tanta
484 1419 706 1466 auctoritas,
730 1428 772 1457 ut
793 1421 912 1458 deum
941 1434 1101 1470 quoque
1127 1435 1167 1459 se
1194 1435 1279 1460 esse
1300 1423 1466 1461 fateatur
1491 1432 1529 1462 et

124 1493 265 1524 uotum
292 1486 366 1524 sibi
390 1487 537 1524 factum
563 1499 647 1524 esse
674 1493 847 1533 testetur,
870 1486 945 1524 nisi
972 1489 1251 1526 tantummodo
1273 1488 1429 1535 Christi,
1453 1489 1527 1536 cui,
1553 1507 1599 1530 20

125 1563 207 1588 non
234 1550 326 1600 quia
354 1552 495 1601 angelo
523 1559 688 1596 tantum,
719 1551 788 1588 sed
817 1550 908 1600 quia
935 1553 1022 1598 deo,
1053 1560 1191 1590 uotum
1220 1553 1356 1591 uoueri
1386 1561 1526 1603 potest,

127 1615 378 1653 manifestum
406 1624 465 1654 est
493 1630 573 1654 non
601 1624 751 1666 patrem
779 1616 904 1665 accipi
932 1630 1059 1666 posse,
1083 1619 1153 1656 sed
1181 1618 1316 1665 filium,
1343 1621 1463 1658 deum
1491 1629 1529 1658 et

123 1682 318 1730 angelum.
392 1681 455 1719 hic
485 1690 618 1720 autem
649 1682 680 1720 si
710 1681 890 1721 Christus
920 1691 989 1729 est,
1023 1683 1138 1721 sicuti
1169 1692 1237 1731 est,
1272 1686 1530 1724 uehementer

125 1745 374 1796 periclitatur,
398 1746 464 1796 qui
491 1755 557 1784 aut
587 1747 791 1785 hominem
821 1746 1023 1785 Christum
1052 1756 1119 1786 aut
1148 1750 1333 1798 angelum
1361 1757 1528 1788 tanturn-

140 1845 156 1874 5
182 1834 303 1865 unxisti
320 1847 339 1865 α
355 1847 361 1865 ;
387 1835 518 1866 erexisti
534 1846 556 1874 -γ
572 1835 615 1866 al.
710 1845 745 1865 21
773 1833 974 1875 quia...quia
983 1835 1125 1874 fhrtasse
1140 1836 1307 1876 legendmn
1325 1847 1512 1879 qua...qua.

127 1917 310 1956 (‘streaked
329 1916 405 1947 with
420 1915 548 1953 white’)
563 1918 614 1946 καὶ
628 1917 788 1946 ποικίλους
858 1915 884 1945 is
908 1915 987 1945 used
1012 1915 1049 1946 of
1068 1916 1123 1946 the
1148 1917 1278 1955 Father,
1310 1918 1405 1948 ‘deus
1428 1924 1528 1959 atque

125 1962 177 1991 καὶ
200 1961 394 1991 σποδοειδεῖς
421 1959 618 2000 (‘grizzled’)
643 1960 785 1999 ῥαντούς,
860 1958 1014 1998 angelus’
1053 1959 1090 1990 of
1124 1960 1178 1990 the
1219 1961 1298 1991 Son.
1351 1962 1413 1992 ‘Et
1453 1961 1526 1993 hic’

125 2004 234 2034 where
253 2003 351 2044 Vulg.
376 2003 434 2033 has
459 2003 581 2034 ‘uarios
606 2003 790 2033 maculosos
861 2013 974 2032 means
1005 2002 1075 2033 ‘the
1101 2003 1249 2043 Speaker
1273 2004 1375 2035 also':
1401 2005 1527 2046 though

124 2053 223 2087 atque
241 2046 426 2087 respersos)
468 2047 592 2081 Below,
615 2048 685 2087 ‘qui
703 2046 790 2076 uisus
862 2046 916 2075 He
934 2045 960 2075 is
977 2046 1064 2081 (jod,
1084 2046 1138 2077 He
1155 2047 1276 2086 speaks
1293 2047 1330 2077 of
1344 2048 1415 2079 ‘the
1431 2048 1527 2089 place

125 2101 196 2121 sum
215 2090 274 2120 tibi
292 2090 323 2119 in
342 2090 416 2120 1000
435 2089 506 2120 dei’
530 2090 555 2119 is
578 2090 593 2119 ὁ
616 2090 725 2128 ὀφθείς
741 2100 791 2119 σοι
860 2088 898 2118 of
933 2088 1032 2124 Godss
1064 2090 1219 2130 meaning
1259 2091 1412 2121 Another
1447 2092 1527 2122 than

125 2134 157 2164 ἐν
182 2134 270 2172 τόπῳ
297 2134 379 2170 θεοῦ,
410 2133 467 2163 but
494 2133 557 2173 Vg.
585 2133 643 2163 has
668 2133 791 2172 merely
863 2132 1017 2162 Himself.

129 2179 210 2216 ‘ego
242 2187 312 2206 sum
337 2177 416 2207 deus
443 2175 584 2206 Bethel.’
647 2176 706 2206 ‘Et
735 2186 791 2206 ero
908 2176 956 2205 18.
1007 2175 1060 2205 ‘If
1079 2175 1170 2206 there
1195 2176 1221 2206 is
1243 2187 1286 2207 no
1306 2176 1400 2208 other
1418 2177 1528 2219 Angel

125 2220 251 2251 tecum’
266 2219 330 2257 (καὶ
348 2220 554 2256 ἔσομαιμετὰ
567 2220 637 2258 σοῦ)
652 2219 678 2250 is
690 2225 790 2249 want-
860 2218 972 2249 whose
1001 2219 1167 2259 authority
1193 2230 1242 2250 we
1273 2230 1333 2251 can
1364 2221 1462 2251 allow
1493 2227 1528 2252 to

124 2264 180 2304 ing
197 2263 229 2294 in
250 2263 313 2303 Vg.
861 2262 956 2292 stand
988 2272 1024 2292 so
1053 2262 1133 2303 high
1169 2262 1238 2293 that
1276 2264 1330 2294 He
1366 2264 1528 2304 professes

169 2309 199 2338 8.
241 2308 350 2337 infert
365 2306 497 2345 dicens]
518 2306 692 2347 ‘proceeds
712 2305 791 2336 with
862 2305 1057 2335 Himselfto
1075 2306 1114 2335 be
1131 2305 1200 2336 also
1214 2306 1314 2337 God.'
1359 2307 1529 2348 Similarly

124 2350 180 2381 the
204 2349 385 2380 assertion.’
431 2349 482 2381 Cf.
514 2361 545 2391 p.
573 2360 623 2388 42.
650 2360 687 2381 10
719 2351 790 2390 ‘ap-
861 2349 932 2379 1111.
953 2359 990 2379 22
1013 2348 1097 2379 ‘that
1112 2359 1160 2379 we
1173 2355 1293 2381 cannot
1307 2350 1406 2381 allow
1417 2351 1486 2382 that
1503 2352 1527 2383 it

126 2393 227 2435 pellat
244 2392 439 2430 inferendo,'
457 2393 536 2423 with
553 2399 641 2424 note.
861 2392 888 2422 is
904 2391 959 2422 the
977 2392 1098 2422 Father
1114 2393 1171 2422 but
1189 2393 1244 2424 the
1261 2393 1353 2424 Son!

173 2447 221 2467 12.
269 2437 341 2467 The
363 2437 472 2467 writer
493 2447 609 2477 argues
631 2435 715 2467 from
737 2435 792 2466 the
906 2446 956 2474 23.
996 2437 1224 2467 uehementer
1236 2438 1476 2477 periclitatur]
1492 2443 1527 2469 to

126 2480 235 2511 words
252 2480 288 2510 z'n
307 2481 368 2511 loco
384 2481 438 2510 dei
453 2479 523 2519 (not
541 2491 618 2515 meo,
635 2490 670 2510 as
687 2479 792 2520 might
860 2478 940 2509 hold
958 2478 1013 2509 the
1030 2479 1115 2520 right
1132 2479 1214 2510 saith
1230 2480 1257 2510 is
1278 2480 1402 2512 ‘saluus
1419 2481 1511 2512 esse.'

124 2524 209 2554 have
239 2523 322 2554 been
350 2523 535 2563 expected),
570 2523 640 2554 that
679 2523 791 2554 ‘deus'
