1727 2734
129 149 255 188 xxn]
542 150 613 180 DE
650 150 858 181 TRJNJTA
868 151 930 181 TE
961 151 1116 181 LIBER
1482 140 1533 191 83

133 242 336 281 hominem
370 244 441 281 fert
475 256 594 291 quem
629 242 811 292 suscepit.
871 242 1044 280 exinanit
1076 256 1128 290 se,
1161 244 1257 281 dum
1291 245 1342 281 ad
1377 243 1536 283 iniurias

129 307 470 357 contumeliasque
486 307 703 354 descendit,
723 309 818 346 dum
836 308 947 346 audit
961 307 1132 354 infanda,
1149 308 1346 358 experitur
1359 309 1533 359 indigna.

129 371 242 410 cuius
263 380 395 410 tamen
416 372 647 410 humilitatis
668 374 780 411 adest
801 372 932 411 statim
954 373 1131 423 egregius
1156 374 1315 411 fructus.
1382 375 1536 424 accepit

127 436 233 474 enim
255 450 398 482 nomen,
419 439 523 486 quod
537 443 593 474 est
610 444 723 486 super
740 450 848 474 omne
869 451 1012 484 nomen,
1036 439 1145 487 quod
1168 438 1303 488 utique
1325 452 1405 477 non
1427 439 1535 478 aliud

131 500 394 550 intellegimus
421 515 506 540 esse
537 515 657 551 quam
688 515 834 540 nomen
863 502 938 540 dei.
997 516 1090 540 narn
1121 516 1211 540 cum
1243 503 1307 541 dei
1337 503 1385 541 sit
1415 504 1536 543 solius
1557 515 1575 551 5

127 578 214 603 esse
248 578 365 614 super
396 566 540 612 omnia,
575 579 826 615 consequens
856 573 925 613 est,
958 574 1000 604 ut
1030 580 1177 605 nomen
1208 567 1305 605 illud
1335 569 1444 616 quod
1474 576 1534 607 est

128 643 244 680 super
264 644 383 669 omne
405 645 552 670 nomen
574 631 622 670 sit
643 631 736 678 eius,
761 631 829 681 qui
849 644 966 681 super
986 631 1121 670 omnia
1141 640 1210 669 est.
1271 632 1335 670 dei
1363 640 1421 670 est
1442 646 1534 682 ergo

127 708 275 733 nomen
298 695 393 734 illud
415 698 524 746 quod
545 710 662 746 super
678 710 797 734 omne
813 710 961 735 nomen
979 704 1054 735 est:
1081 697 1190 746 quod
1208 710 1356 735 nomen
1374 705 1431 735 est
1449 697 1533 736 eius

124 759 260 809 utique
281 769 581 810 consequenter,
601 760 678 810 qui,
697 774 787 799 cum
805 761 845 798 in
867 762 992 799 forma
1008 760 1072 799 dei
1088 760 1235 807 fuisset,
1254 775 1335 800 non
1352 763 1529 812 rapinam

124 825 333 864 arbitratus
361 834 419 864 est
446 828 653 876 aequalem
681 840 722 865 se
749 828 826 865 deo
847 840 943 865 esse.
1002 840 1132 876 neque
1149 827 1255 865 enim
1277 826 1307 865 si
1330 841 1409 866 non
1431 830 1530 867 deus
1556 841 1602 865 10

122 899 226 930 esset
248 892 438 936 Christus,
461 906 581 931 omne
609 906 649 931 se
677 892 715 930 in
744 892 906 931 nomine
933 894 1017 931 eius
1043 906 1146 942 genu
1175 894 1359 937 flecteret,
1389 896 1531 933 caeles-

123 957 221 995 tium
243 966 280 996 et
301 958 538 996 terrestrium
561 967 599 997 et
623 959 865 997 infernorum
886 973 892 995 :
924 972 997 996 nec
1022 958 1192 996 uisibilia
1211 966 1279 996 aut
1304 959 1527 1007 inuisibilia,

123 1030 192 1061 aut
212 1036 340 1060 rerum
367 1023 547 1061 omnium
575 1023 704 1062 omnis
731 1032 907 1061 creatura
935 1023 1087 1061 homini
1114 1031 1216 1062 esset
1244 1024 1422 1062 subiecta
1446 1025 1530 1063 siue

123 1088 328 1134 substrata,
362 1101 463 1137 quae
493 1102 534 1127 se
567 1097 659 1126 ante
693 1089 897 1127 hominem
930 1102 1015 1127 esse
1046 1089 1299 1128 meminisset.
1369 1104 1414 1128 ex
1449 1104 1530 1140 quo

122 1154 219 1191 dum
241 1155 281 1190 in
299 1154 437 1201 forma
456 1155 517 1190 dei
539 1167 624 1191 esse
645 1153 825 1193 Christus
852 1153 1005 1200 dicitur,
1029 1161 1067 1191 et
1093 1155 1189 1191 dum
1215 1154 1253 1192 in
1282 1155 1529 1193 natiuitatem
1554 1169 1596 1206 15

121 1231 161 1256 se
172 1220 341 1256 :undum
362 1232 520 1257 carnem
541 1232 583 1257 se
603 1218 823 1257 exinanisse
840 1226 1087 1265 monstratur,
1106 1227 1144 1257 et
1160 1220 1255 1257 dum
1273 1219 1312 1258 id
1329 1220 1529 1270 accepisse

122 1295 269 1321 nomen
290 1297 312 1320 a
332 1291 442 1332 patre
463 1284 571 1332 quod
594 1282 641 1320 sit
662 1296 779 1332 super
802 1296 921 1321 omne
942 1296 1089 1321 nomen
1110 1283 1349 1333 exprimitur,
1372 1292 1410 1322 et
1431 1286 1526 1322 dum

120 1347 160 1385 in
178 1349 340 1386 nomine
357 1348 439 1386 eius
456 1361 576 1386 omne
591 1362 694 1398 genu
712 1348 950 1395 caelestium,
971 1356 1213 1386 terrenorum
1230 1357 1268 1386 et
1284 1348 1526 1387 infernorum

120 1425 162 1451 se
183 1414 338 1451 flectere
359 1421 397 1451 et
424 1427 586 1451 curuare
613 1421 862 1459 monstratur,
885 1421 923 1452 et
950 1414 1027 1451 hoc
1052 1413 1181 1463 ipsum
1209 1413 1248 1451 in
1273 1414 1435 1464 gloriam
1462 1415 1525 1453 dei

120 1477 239 1528 patris
270 1491 493 1516 succurrere
526 1479 733 1523 asseritur3
768 1487 1058 1528 consequenter
1087 1492 1168 1516 non
1198 1493 1244 1517 ex
1274 1479 1341 1517 illo
1370 1488 1525 1518 tantum

121 1543 244 1581 homo
278 1552 347 1590 est,
384 1543 476 1593 quia
513 1545 701 1582 oboediens
739 1544 838 1594 patri
861 1545 994 1592 factus
1026 1550 1081 1581 est
1117 1558 1233 1593 usque
1264 1546 1318 1581 ad
1354 1552 1522 1593 mortem,

121 1614 277 1645 mortem
317 1614 443 1645 aulem
476 1611 596 1646 crucis
609 1623 618 1656 3
658 1610 728 1647 sed
767 1623 813 1647 ex
852 1609 911 1647 his
951 1609 1070 1647 etiam
1106 1609 1222 1648 rebus
1257 1611 1525 1659 superioribus

1549 1495 1596 1519 20

189 1745 200 1765 1
221 1734 367 1765 exinanit
383 1745 406 1773 ’γ
423 1734 453 1765 G
470 1747 476 1765 :
502 1734 573 1765 -ivit
592 1735 649 1765 Pa.
755 1734 785 1770 6,
807 1745 821 1775 7
847 1746 968 1765 nornen
986 1735 1067 1765 illud
1086 1735 1125 1765 sit
1143 1745 1240 1775 super
1256 1746 1353 1766 omne
1371 1737 1459 1777 quod
1476 1742 1525 1767 est

118 1789 188 1820 eius
204 1790 259 1830 qui
277 1800 373 1830 super
389 1790 501 1820 omnia
517 1795 565 1820 est
577 1790 644 1820 edd.
652 1790 780 1830 priores
793 1799 799 1819 z
824 1791 969 1820 ordinem
984 1791 1158 1821 uerborum
1176 1792 1390 1827 restituimm,
1407 1792 1525 1822 inserto

494 1854 509 1884 7
530 1850 602 1885 post
617 1845 669 1875 dei
690 1846 933 1886 inserpungunl
948 1845 1024 1875 edd.
1043 1845 1177 1886 priores.
1290 1855 1326 1884 15
1351 1846 1525 1878 natiuitate

340 1908 380 1929 20
403 1898 452 1929 sui
469 1899 640 1929 decurrere
659 1899 711 1929 Fr.
727 1899 805 1939 Jun.
823 1911 829 1929 ε
854 1899 1028 1929 succedere
1044 1899 1097 1929 vel
1111 1899 1159 1929 sui
1177 1899 1293 1929 cedere
1309 1900 1358 1942 Ja.

119 1845 216 1875 uerbo
231 1855 365 1875 nornen.

119 1899 191 1929 We.

164 2015 192 2045 5.
239 2006 312 2036 The
342 2012 514 2046 argument
545 2006 583 2036 of
611 2005 676 2036 this
709 2017 785 2046 very
856 2006 983 2046 closing
1022 2006 1130 2036 words
1177 2006 1213 2036 of
1254 2007 1310 2037 the
1349 2008 1522 2047 quotation

119 2049 225 2090 prolix
247 2059 384 2090 passage
406 2049 452 2080 is:
479 2049 554 2080 God
577 2049 603 2079 is
620 2049 725 2079 above
742 2049 786 2079 all

120 2093 241 2133 things,
274 2092 435 2123 therefore
468 2092 573 2123 God’s
612 2092 721 2122 Narne
761 2093 786 2123 is

119 2137 225 2166 above
252 2136 295 2166 all
328 2135 422 2166 other
451 2146 582 2166 names:
623 2135 786 2166 therefore

119 2180 190 2210 that
215 2180 240 2209 is
262 2179 316 2209 the
338 2179 446 2209 Name
465 2178 571 2209 which
595 2179 703 2209 Christ
728 2179 786 2209 has

120 2222 374 2253 received—the
388 2222 497 2252 Name
509 2222 617 2252 which
631 2223 786 2262 properly

120 2266 283 2306 belonged
303 2271 337 2296 to
359 2266 439 2295 Him
462 2265 574 2296 before
592 2265 656 2295 His
676 2265 785 2295 Incar-

122 2315 246 2340 nation.

167 2363 215 2392 15.
252 2354 290 2382 in
301 2351 544 2390 natiuitatem]
560 2355 566 2367 ‘
579 2357 613 2382 to
627 2352 682 2382 the
693 2352 785 2392 point

119 2395 157 2426 of
169 2395 257 2426 birth
273 2395 355 2426 after
372 2396 427 2426 the
444 2395 547 2425 flesh.'

167 2449 213 2479 19.
262 2440 300 2468 in
322 2441 471 2475 gloriam
494 2440 550 2468 dei
573 2439 686 2474 patris
712 2446 788 2468 suc-

119 2483 273 2520 currere]
297 2486 352 2512 ‘to
377 2482 523 2512 redound
551 2488 585 2511 to
612 2481 666 2511 the
693 2482 786 2522 glory

119 2525 156 2555 of
177 2524 275 2556 God.’
322 2525 403 2555 This
436 2525 635 2566 paraphrase
667 2525 703 2554 of
732 2526 786 2554 the

856 2049 968 2088 brings
996 2049 1085 2079 them
1117 2049 1186 2079 into
1218 2051 1336 2080 accord
1369 2051 1448 2080 with
1481 2053 1524 2082 εἰς

857 2093 948 2129 δόξαν
982 2094 1052 2122 θεοῦ
1085 2093 1202 2131 πατρός
1234 2093 1270 2123 of
1304 2093 1359 2123 the
1399 2094 1521 2125 Greek.

857 2135 929 2165 The
959 2135 1047 2165 word
1075 2146 1262 2166 succurrere
1290 2137 1368 2166 used
1397 2138 1429 2167 in
1459 2137 1522 2168 this

856 2189 950 2209 sense
971 2179 996 2208 is
1018 2178 1155 2209 difficult
1178 2185 1212 2209 to
1234 2180 1386 2220 pa1·allel;
1413 2181 1522 2211 unless

858 2222 1000 2262 perhaps
1017 2222 1048 2251 in
1067 2223 1107 2252 its
1125 2222 1263 2253 medical
1281 2234 1385 2257 sense,
1410 2225 1461 2254 ‘to
1481 2225 1522 2254 be

858 2265 997 2295 useful’:
1025 2265 1108 2295 Plin.
1139 2276 1190 2305 31.
1222 2277 1258 2297 [ο
1285 2267 1428 2297 ‘nitrum
1451 2278 1521 2298 suc-

858 2310 956 2338 currit
974 2315 1005 2338 et
1023 2309 1158 2339 uenenis
1176 2309 1376 2350 sung01·um.'

904 2362 952 2382 20.
1001 2360 1044 2382 ex
1057 2353 1262 2390 illo...quia]
1275 2358 1280 2367 ⁴
1292 2353 1372 2383 from
1390 2354 1444 2384 the
1458 2354 1522 2384 fact

857 2394 950 2424 tl1ai.'
1004 2395 1076 2424 The
1120 2395 1285 2426 ‘tantum’
1324 2407 1403 2437 goes
1442 2397 1521 2427 with

862 2439 1006 2475 “homos
1034 2445 1089 2468 not
1116 2439 1194 2469 with
1221 2444 1280 2469 ‘ex
1310 2440 1392 2470 ill‹›.'

902 2491 952 2512 22.
1021 2482 1140 2511 ‘From
1202 2482 1292 2513 these
1353 2483 1523 2525 foregoing

858 2524 968 2565 proofs
993 2525 1100 2554 which
1129 2525 1257 2556 declare
1284 2526 1339 2556 the
1371 2527 1523 2567 Divinity

1310 2595 1410 2629 6—2
