1727 2734
192 472 212 508 5

234 105 293 144 94
792 105 861 135 No
871 105 927 135 VA
938 105 1016 135 ΝΑ
1022 104 1084 135 NJ
1507 104 1638 143 [XXVI

316 202 467 238 XXVI.
527 201 605 238 Sed
637 213 684 238 ex
714 200 788 237 hac
818 198 1038 245 occasione,
1067 198 1160 248 quia
1194 198 1373 237 Christus
1405 211 1486 236 non
1514 199 1638 236 homo
1660 197 1710 235 26

235 274 389 305 tantum
422 266 493 303 sed
531 271 569 302 et
604 265 702 302 deus
740 263 964 301 diuinarum
999 263 1213 301 litterarum
1250 262 1368 300 sacris
1403 261 1640 300 auctoritati-

235 333 310 371 bus
343 330 594 381 approbatur,
625 329 690 367 alii
724 328 910 367 haeretici
944 336 1196 378 erumpentes
1231 336 1376 366 statum
1407 328 1448 366 in
1480 327 1639 367 Christo

237 395 433 446 religionis
481 402 693 433 concutere
739 393 1023 440 machinantur,
1070 394 1147 431 hoc
1194 393 1280 443 ipso
1324 400 1475 443 patrem
1518 393 1639 431 deum

236 464 416 501 uolentes
455 461 664 498 ostendere
703 459 905 498 Christum
944 472 1039 505 esse,
1081 460 1178 497 dum
1216 472 1298 497 non
1328 460 1451 496 homo
1485 465 1639 496 tanturn

236 526 428 572 asseritur,
462 527 532 564 sed
563 532 601 563 et
627 526 726 563 deus
755 523 957 573 promitur.
1017 524 1072 562 sic
1098 524 1203 562 enim
1229 523 1437 574 inquiunt:
1477 523 1509 561 si
1538 536 1640 561 unus

237 605 322 631 esse
357 593 455 630 deus
491 591 693 640 promitur,
726 589 906 628 Christus
937 596 1070 627 autem
1102 590 1210 635 deus,
1243 602 1346 639 ergo,
1379 588 1575 638 inquiunt,
1608 586 1641 625 si

237 665 347 707 pater
379 664 416 694 et
451 655 631 694 Christus
663 662 721 692 est
750 667 852 692 unus
884 655 993 699 deus,
1029 653 1208 693 Christus
1240 661 1350 704 pater
1379 653 1541 692 dicetur.
1600 651 1642 690 in

238 734 318 771 quo
358 733 483 758 errare
521 720 748 769 probantur,
784 717 985 757 Christum
1017 731 1098 755 non
1131 725 1351 764 noscentes,
1392 718 1462 756 sed
1500 730 1642 755 sonum

172 800 217 823 10
238 785 409 824 nominis
430 785 706 835 approbantes.
769 785 910 821 nolunt
935 783 1040 821 enirn
1068 783 1178 820 illum
1207 784 1425 821 secundam
1449 795 1535 821 esse
1561 795 1644 832 per-

172 1121 215 1158 15

170 1451 219 1474 20

239 864 377 888 sonam
408 857 497 899 post
532 857 694 899 patrem,
727 849 797 886 sed
831 848 961 898 ipsum
995 855 1158 898 patrem.
1227 847 1371 897 quibus
1406 846 1498 896 quia
1531 846 1644 885 facile

239 916 509 965 respondetur,
542 927 669 964 pauca
700 913 892 951 dicentur.
961 912 1048 962 quis
1080 912 1186 951 enim
1217 926 1297 951 non
1328 913 1545 951 secundam
1575 911 1642 950 filii

239 988 328 1030 post
350 988 498 1030 patrem
521 986 710 1029 agnoscat
731 991 817 1016 esse
839 991 1062 1027 personam,
1084 991 1175 1015 cum
1196 978 1298 1027 legat
1319 977 1469 1015 dictum
1493 990 1515 1015 a
1535 984 1644 1026 patre

239 1053 530 1094 consequenter
563 1045 614 1082 ad
648 1043 800 1081 filium:
827 1043 1027 1091 faciamus
1060 1043 1248 1079 hominem
1287 1043 1343 1079 ad
1376 1043 1580 1091 imaginem
1610 1047 1649 1079 et

238 1112 526 1148 similitudinem
566 1114 761 1151 nostram:
805 1115 842 1146 et
881 1115 970 1158 post
1014 1108 1112 1145 haec
1150 1108 1328 1153 relatum,
1368 1112 1405 1143 et
1427 1107 1523 1155 fecit
1555 1108 1646 1144 deus

239 1177 436 1221 hominem,
460 1176 515 1212 ad
540 1175 742 1223 imaginem
772 1174 834 1210 dei
844 1173 942 1221 fecit
967 1174 1109 1210 illum?
1166 1180 1233 1210 aut
1257 1186 1349 1210 cum
1376 1172 1477 1210 inter
1503 1185 1645 1210 manus

240 1249 395 1279 teneat:
419 1241 529 1288 pluit
552 1239 728 1276 dominus
752 1245 869 1287 super
893 1239 1097 1276 Sodomam
1124 1243 1157 1274 et
1185 1238 1443 1276 Gomorrham
1464 1238 1587 1285 ignem
1612 1241 1650 1274 et

238 1308 375 1355 sulpur
413 1320 436 1342 a
475 1305 627 1342 domino
664 1304 707 1341 de
746 1305 871 1341 caelo?
942 1310 1008 1340 aut
1051 1316 1143 1340 cum
1182 1304 1233 1340 ad
1273 1301 1499 1342 Christum:
1531 1302 1647 1351 filius

241 1385 343 1408 meus
369 1384 403 1408 es
431 1376 482 1414 tu,
505 1382 566 1417 ego
591 1369 699 1405 hodie
720 1369 840 1416 genui
861 1372 894 1404 te
907 1383 920 1414 ;
944 1369 1104 1416 postula
1125 1381 1148 1404 a
1177 1381 1232 1404 me
1257 1373 1295 1404 et
1314 1369 1409 1404 dabo
1428 1368 1499 1404 tibi
1520 1372 1647 1415 gentes

240 1438 481 1475 hereditatem
516 1441 634 1480 tuam,
666 1439 703 1471 et
724 1435 993 1482 possessionem
1025 1439 1132 1471 tuam
1162 1435 1342 1471 terminos
1370 1435 1523 1471 terrae?
1578 1441 1646 1471 aut

241 1515 331 1540 cum
362 1500 480 1538 etiam
511 1499 576 1537 ille
610 1497 855 1536 desideratus
888 1498 1015 1536 scriba
1045 1498 1121 1536 ait:
1161 1499 1267 1536 dixit
1292 1499 1468 1536 dominus
1495 1498 1647 1535 domino

310 1598 344 1629 17
370 1588 524 1619 dominus
547 1595 587 1617 a:
616 1586 696 1617 deus
719 1587 762 1616 al.
947 1587 983 1616 18
1008 1585 1094 1617 filius
1118 1597 1211 1617 meus
1235 1597 1269 1617 es
1293 1592 1328 1617 tu
1351 1597 1391 1617 ex
1414 1598 1433 1616 α
1456 1586 1561 1626 suppl.
1584 1586 1639 1616 Pa.

242 1655 277 1675 21
306 1643 510 1674 desideratus
530 1641 636 1672 scriba
658 1652 718 1671 om.
740 1652 783 1679 γε
808 1646 863 1671 aut
884 1651 958 1672 cum
981 1641 1080 1671 etiam
1097 1641 1152 1672 ille
1169 1641 1555 1672 desideratus...domino
1571 1650 1646 1671 meo

242 1697 287 1727 Pa
303 1707 343 1726 ex
361 1707 390 1726 σ..

241 1785 278 1826 os
302 1785 354 1814 tlte
380 1784 554 1814 revelation
583 1782 623 1823 of
645 1783 711 1812 this
744 1783 909 1822 Alystery:
1027 1793 1075 1821 14.
1132 1782 1399 1820 consequenter]
1464 1781 1646 1812 ‘conform-

241 1829 312 1858 and
333 1828 449 1864 defines
472 1827 497 1856 it
519 1837 555 1856 as
576 1827 628 1856 tlze
651 1826 735 1855 Rule
755 1826 908 1866 qffaitlz.
979 1825 1074 1865 ably'
1106 1833 1139 1855 to
1170 1826 1248 1855 such
1278 1836 1296 1855 a
1329 1825 1421 1862 viem
1457 1824 1490 1855 in
1523 1826 1607 1855 Gen.
1637 1825 1646 1855 i

242 1873 264 1903 l
293 1866 397 1911 mz'g'lzt
428 1870 582 1909 mulliply
610 1870 778 1909 Scrzpture
798 1869 910 1909 protis}
981 1867 1032 1903 26,
1054 1878 1102 1907 27.
1155 1869 1193 1898 In
1211 1879 1242 1898 v.
1262 1879 1299 1907 27
1318 1868 1416 1908 Vulg.
1434 1868 1492 1898 has
1508 1869 1644 1903 creauit,

242 1916 314 1946 tlzal
334 1915 386 1945 He
411 1914 438 1943 is
454 1914 533 1943 born
556 1912 596 1953 os
611 1913 663 1942 tlte
684 1912 813 1948 father,
839 1922 911 1942 wer
979 1922 1014 1942 as
1037 1911 1074 1942 of
1093 1912 1281 1952 something
1309 1913 1315 1925 ‘
1329 1911 1377 1941 sor
1398 1911 1453 1941 the
1477 1911 1544 1942 first
1568 1911 1648 1942 time

242 1959 384 1989 obedient
400 1963 428 1987 lt)
442 1957 525 1987 Him
538 1967 549 1991 ,·
569 1967 641 1986 ever
657 1956 788 1994 holding
799 1962 913 1995 power
979 1955 1086 1985 called
1123 1955 1191 1985 into
1230 1954 1352 1995 being,'
1387 1954 1557 1995 following
1593 1954 1648 1985 the

243 2013 316 2033 over
338 2002 386 2031 all
408 2001 527 2039 things,
546 2004 602 2039 yet
627 1999 663 2029 in
687 2010 718 2029 so
742 1999 802 2037 far
826 2010 862 2027 as
885 1999 912 2028 il
984 1998 1139 2028 Hebrew.
1189 1998 1284 2028 LXX
1305 1998 1363 2028 has
1381 1998 1435 2028 the
1452 1998 1531 2028 verb
1547 1998 1648 2028 ποιεῖν

243 2046 303 2075 llas
324 2045 397 2074 bem
421 2043 582 2073 delivered
599 2047 677 2072 unlo
696 2042 781 2072 Him
806 2042 844 2081 by
860 2042 912 2072 tlze
982 2042 1182 2081 throughout
1199 2052 1252 2072 vv.
1274 2040 1322 2076 26,
1340 2050 1387 2080 27.

244 2089 374 2119 ffiztlzer.
434 2087 497 2117 lee
511 2086 588 2126 fact
609 2085 648 2126 af
668 2085 733 2116 this
756 2085 933 2124 obedience·
1030 2084 1077 2115 16.
1126 2086 1209 2115 Gen.
1238 2085 1291 2115 xix
1319 2095 1379 2123 24:
1409 2095 1459 2125 cp.
1479 2085 1530 2114 De
1551 2084 1644 2114 Trin.

234 2131 366 2172 forbids
396 2141 434 2160 us
466 2135 496 2159 to
529 2134 661 2170 suppose
688 2129 760 2158 [leat
800 2129 915 2159 Christ
983 2128 1059 2158 xviii
1078 2139 1109 2169 p.
1128 2127 1178 2158 66.
1202 2139 1230 2167 5.

244 2176 269 2205 is
294 2175 345 2205 the
368 2174 501 2204 Father.
1031 2172 1079 2201 18.
1129 2172 1180 2201 Ps.
1202 2171 1222 2201 ii
1242 2180 1269 2209 7,
1290 2171 1326 2200 8:
1352 2181 1403 2211 cp.
1422 2171 1473 2201 De
1498 2171 1594 2201 Trin.
1616 2170 1650 2201 ix

294 2229 316 2248 1.
371 2217 493 2248 ‘Other
506 2215 646 2246 heretics
663 2216 722 2253 [sc.
738 2215 792 2245 the
812 2215 910 2245 Patri·
984 2226 1015 2255 p.
1036 2225 1086 2254 30.
1109 2225 1154 2253 15.
1204 2216 1249 2244 ad
1269 2216 1455 2251 Christum,
1475 2224 1518 2245 sc.
1546 2214 1650 2254 ‘legat

245 2261 407 2302 passians]
434 2259 536 2289 break
562 2265 619 2289 out
645 2259 725 2289 with
753 2269 771 2288 a
798 2258 913 2298 design
982 2257 1132 2288 dictum.’

246 2311 280 2335 to
303 2303 443 2334 unsettle
467 2303 522 2333 the
546 2302 633 2332 basis
657 2301 693 2332 of
717 2301 855 2341 religion
880 2302 912 2331 in
1028 2311 1078 2331 21.
1124 2302 1185 2331 ine
1207 2302 1427 2331 desideratus
1448 2300 1577 2338 scriba]
1603 2310 1649 2331 re-

247 2348 357 2378 Christ
372 2356 377 2376 2
414 2347 491 2386 they
519 2346 624 2376 desire
656 2350 689 2375 to
721 2345 810 2375 shew
842 2345 912 2374 that
983 2344 1103 2383 ferring
1120 2350 1153 2374 to
1171 2344 1224 2374 the
1238 2344 1424 2384 etymology
1441 2343 1541 2374 ofthe
1554 2353 1651 2374 name

248 2391 357 2422 Christ
386 2390 411 2420 is
439 2389 515 2419 God
542 2389 597 2419 the
626 2388 757 2422 Father,
783 2388 825 2427 by
849 2388 913 2418 this
984 2388 1106 2424 David,
1152 2387 1258 2417 which
1304 2397 1414 2417 means
1465 2386 1649 2423 ‘beloved‚’

247 2445 324 2474 very
340 2433 404 2463 fact
419 2433 487 2462 that
506 2433 557 2462 He
571 2432 596 2461 is
611 2437 665 2461 not
678 2432 756 2472 only
769 2432 913 2461 asserted
987 2432 994 2445 ⁶
1006 2430 1158 2461 desired.⁷
1207 2431 1258 2460 Ps.
1283 2430 1334 2460 cix
1361 2431 1426 2469 (cx)
1457 2441 1481 2460 1.

247 2484 281 2508 to
298 2477 339 2507 be
358 2478 435 2506 Man
454 2477 509 2505 but
527 2475 679 2505 (leclared
703 2481 737 2505 to
755 2476 794 2504 be
813 2473 913 2505 G0d.'
