1727 2734
114 156 161 194 X]
535 157 603 187 DE
638 156 844 186 TA’JNJTA
854 156 918 186 TE
948 156 1102 186 LIBER

1462 157 1512 198 33

114 248 318 294 debueras,
343 261 391 285 ne
421 247 604 286 dicereris
632 247 733 285 filius
760 247 955 294 creatoris,
978 247 1009 284 si
1037 249 1100 285 uel
1127 246 1339 297 imaginem
1362 249 1516 288 habuis-

114 325 176 350 ses
214 312 341 350 carnis
382 320 419 350 et
467 312 652 362 corporis
729 320 833 350 certe
873 312 903 349 si
947 313 1086 350 oderas
1126 312 1383 361 natiuitatem,
1425 314 1516 364 quia

114 377 297 415 creatoris
324 378 463 415 oderas
495 377 718 426 nuptiarum
752 376 1086 424 coniunctionem,
1115 390 1294 416 recusare
1324 378 1517 417 debueras

113 442 232 480 etiam
259 442 520 480 imitationem
543 442 726 489 hominis,
750 442 816 491 qui
837 455 906 492 per
926 441 1082 492 nuptias
1104 442 1276 480 nascitur
1297 443 1518 482 creatoris.''

114 520 244 556 neque
275 507 390 557 igitur
418 520 509 545 eum
540 507 827 545 haereticorum
856 506 1108 556 agnoscimus
1138 507 1352 556 Christum,
1382 509 1450 557 qui
1476 508 1515 546 in
1537 520 1556 557 5

115 571 285 621 imagine
306 574 365 621 (ut
385 571 544 621 dicitur)
566 572 637 610 fuit
657 580 695 610 et
716 585 797 610 non
818 571 858 609 in
883 571 1046 610 ueritate
1063 572 1224 610 z—nihil
1252 573 1357 611 enirn
1378 587 1516 612 uerum

114 649 250 674 eorum
265 650 366 685 quae
379 636 497 686 gessit
515 636 658 683 fecerit,
678 636 709 674 si
722 636 805 686 ipse
820 638 1054 686 phantasma
1067 645 1105 675 et
1119 650 1199 675 non
1215 637 1357 676 ueritas
1371 639 1442 677 fuit
1455 654 1517 678 :—

114 714 244 750 neque
264 715 367 748 eum,
391 701 457 751 qui
480 702 575 739 nihil
596 702 636 739 in
658 715 698 740 se
720 702 842 740 nostri
863 702 1036 752 corporis
1057 702 1185 752 gessit,
1209 704 1305 741 dum
1327 717 1374 742 ex
1391 704 1519 743 Maria

115 766 211 803 nihil
239 767 402 816 accepit,
436 781 484 805 ne
515 780 594 805 non
625 767 740 805 nobis
771 767 932 814 uenerit,
961 769 1057 806 dum
1088 781 1168 806 non
1199 768 1237 806 in
1269 777 1402 807 nostra
1431 770 1519 808 sub-

114 830 256 868 stantia
288 831 394 869 uisus
428 831 630 881 apparuit:
672 845 801 881 neque
835 832 957 877 illum,
998 832 1066 882 qui
1099 834 1323 871 aetheream
1356 834 1440 872 siue
1473 834 1519 872 si-

113 896 283 941 deream,
314 904 354 933 ut
381 895 446 933 alii
473 897 682 934 uoluerunt
708 896 903 944 haeretici,
932 897 1060 935 induit
1087 910 1273 945 carnem3
1305 900 1453 937 nullam
1478 899 1517 937 in

113 960 180 998 illo
218 968 353 998 nostro
392 960 665 1010 intellegamus
704 962 881 1007 salutem,
924 960 954 998 si
998 974 1078 999 non
1118 961 1236 999 etiam
1276 962 1399 1000 nostri
1437 976 1519 1002 cor-

113 1025 217 1075 poris
256 1038 542 1075 cognoscamus
581 1024 838 1063 soliditatem:
874 1039 948 1063 nec
982 1027 1106 1063 ullum
1141 1026 1307 1064 omnino
1338 1029 1516 1074 alterum,

113 1090 181 1140 qui
213 1090 384 1140 quoduis
416 1090 523 1128 aliud
557 1104 603 1128 ex
636 1092 825 1139 figmento
857 1091 1144 1129 haereticorum
1179 1092 1341 1141 gesserit
1376 1106 1518 1143 corpus

112 1156 359 1195 fabularium.
427 1169 566 1194 omnes
597 1156 701 1194 enim
738 1156 833 1194 istos
873 1163 910 1194 et
949 1156 1133 1194 natiuitas
1163 1157 1316 1195 domini
1345 1165 1382 1196 et
1413 1171 1518 1196 mors

112 1221 197 1272 ipsa
216 1223 404 1260 confutat.
455 1234 546 1259 nam
568 1229 605 1259 et
628 1223 792 1268 uerbum,
816 1220 943 1270 inquit
969 1222 1153 1266 Ioannes,
1174 1235 1261 1260 caro
1272 1223 1426 1271 scutum
1452 1229 1516 1270 est,

111 1292 146 1323 et
173 1287 369 1324 habitauit
396 1288 436 1324 in
465 1287 569 1324 nobis
584 1301 592 1334 5
623 1294 664 1324 ut
695 1286 834 1324 merito
862 1299 1004 1336 corpus
1030 1294 1207 1325 nostrum
1235 1287 1275 1325 in
1300 1287 1366 1326 illo
1390 1288 1516 1336 fuerit,

113 1351 301 1401 quoniam
329 1351 489 1400 quidem
519 1359 691 1389 nostram
720 1364 877 1389 carnem
903 1364 1032 1389 sermo
1053 1351 1234 1402 suscepit.
1295 1359 1334 1391 et
1361 1352 1518 1403 sanguis

179 1465 198 1496 9
222 1465 262 1486 ne
278 1455 359 1494 non]
377 1466 481 1496 neque
501 1456 626 1486 Latin.:
651 1466 757 1497 neque
775 1456 861 1487 enim
876 1456 927 1496 Ja.

114 1510 190 1541 edd.

119 1574 154 1604 15
180 1564 363 1595 fabularum
381 1576 404 1603 ‘y
422 1566 467 1595 Pa
482 1574 487 1594 :
514 1565 711 1595 sabularium
728 1566 813 1596 coni.
833 1565 869 1596 F.
887 1565 964 1606 Jun.

1209 1467 1241 1487 11
1270 1457 1391 1496 induit]
1413 1457 1517 1489 uoluit

367 1521 407 1540 ne
425 1510 524 1540 ullam
544 1511 688 1541 mendose
705 1511 810 1551 Mign.
1010 1521 1044 1541 12
1071 1516 1217 1541 nostram
1234 1522 1256 1549 ’γ
1275 1511 1348 1542 We.
1365 1524 1371 1542 :
1396 1522 1448 1542 -ae
1462 1512 1513 1553 Ja.

161 1672 190 1701 3.
237 1663 407 1692 creatoris
469 1662 677 1697 nuptiarum
710 1669 785 1691 con-

115 1705 344 1742 iunctionem]
379 1704 449 1734 ‘the
480 1704 646 1735 Creator’s
678 1703 787 1734 ordin-

115 1758 196 1778 ance
214 1747 250 1778 of
263 1747 450 1788 marriage.'

160 1792 190 1822 8.
249 1791 344 1821 ‘And
377 1802 425 1822 we
456 1791 500 1821 do
531 1796 588 1821 not
620 1790 788 1831 recognise

117 1834 197 1865 such
214 1845 233 1864 a
250 1834 360 1866 Christ
374 1845 408 1864 as
426 1834 504 1865 bore
516 1834 630 1864 within
646 1833 793 1865 Hiinself

115 1878 256 1919 nothing
268 1878 306 1908 of
318 1888 377 1908 our
390 1878 488 1918 body,
504 1877 625 1918 having
637 1877 787 1908 received

116 1921 256 1962 nothing
272 1921 355 1952 from
374 1922 481 1961 Mary,
501 1921 550 1951 for
566 1921 634 1951 sear
651 1921 711 1951 lest
732 1921 787 1951 He

116 1975 191 2005 may
209 1972 265 1995 not
288 1964 372 1995 have
389 1975 483 1995 come
506 1971 539 1994 to
561 1975 597 1994 us
619 1971 651 1994 at
672 1964 728 2001 all,
753 1964 786 1994 in

116 2009 189 2039 that
207 2008 262 2038 He
278 2008 335 2038 did
353 2014 410 2038 not
432 2014 562 2048 present
588 2006 737 2038 Himself
755 2009 788 2037 in

116 2062 176 2082 our
206 2062 282 2081 own
313 2051 486 2081 substance
517 2051 612 2081 when
646 2051 701 2081 He
733 2061 788 2090 ap-

118 2094 261 2136 peared.'

164 2148 210 2168 11.
245 2139 308 2168 alfi
319 2137 502 2175 haeretici]
516 2147 580 2177 eg.
597 2137 652 2167 the
667 2136 785 2177 Syriam

117 2180 273 2211 Gnostics
285 2181 468 2212 Satornilus
479 2180 543 2210 and
555 2180 677 2211 others.
708 2180 787 2210 Am-

117 2224 280 2255 niundsen
315 2224 543 2260 (Novzzlicmus
575 2234 607 2264 p.
631 2224 684 2263 37)
713 2233 786 2263 sup-

116 2278 213 2308 poses
230 2267 300 2298 that
323 2267 378 2298 the
400 2267 522 2297 heretic
544 2266 686 2297 referred
710 2272 743 2297 to
760 2267 786 2296 is

117 2311 265 2350 Apelles,
284 2311 369 2347 who,
393 2310 571 2350 according
591 2315 624 2340 to
647 2309 785 2340 Tertull.

115 2354 153 2384 de
180 2355 281 2385 Cam.
301 2354 331 2383 vi
351 2355 381 2391 8,
405 2353 584 2384 attributed
607 2363 625 2383 a
648 2352 786 2383 sidereal

115 2397 374 2438 bodytoChrist.
398 2396 460 2428 See
469 2397 621 2427 Hauck's
633 2397 782 2426 Realenc.

118 2440 162 2471 xii
179 2451 211 2481 p.
230 2449 304 2480 274,
331 2439 401 2471 also
423 2439 559 2471 Tertull.
583 2440 619 2470 de
639 2439 783 2470 Praescr.

116 2483 201 2557 kib.
247 2528 383 2557 nuuam
412 2528 450 2557 in
480 2527 541 2557 1110
573 2526 652 2564 cet.]
703 2525 786 2556 ‘We

222 2605 254 2630 F.
279 2604 318 2630 N.

844 1660 962 1691 should
980 1671 1034 1691 see
1051 1671 1094 1691 no
1111 1661 1275 1692 salvation
1297 1672 1378 1692 even
1401 1661 1434 1691 in
1458 1672 1518 1692 our

845 1714 920 1734 own
938 1704 1060 1739 Christ,
1084 1704 1111 1734 if
1131 1715 1180 1735 we
1197 1704 1253 1734 did
1271 1710 1328 1735 not
1348 1705 1518 1745 recognise

844 1747 913 1777 also
942 1747 988 1786 [in
1019 1747 1116 1786 Him]
1144 1747 1199 1778 the
1226 1748 1311 1778 solid
1340 1748 1515 1779 substance

844 1790 881 1821 of
893 1801 952 1820 our
968 1801 1042 1821 own
1061 1790 1174 1830 body.’

889 1834 931 1864 ib.
987 1834 1119 1872 induit]
1163 1834 1236 1864 The
1274 1834 1397 1865 editors
1431 1835 1516 1866 have

845 1877 995 1914 ‘uoluit‚'
1032 1877 1140 1907 which
1180 1887 1285 1908 seems
1323 1878 1516 1918 impossible

844 1920 927 1951 aster
947 1926 953 1936 ‘
967 1920 1168 1958 uoluerunt‚'
1190 1931 1225 1951 as
1248 1921 1302 1951 Fr.
1320 1921 1439 1962 Junius
1457 1921 1514 1952 felt

844 1964 940 1994 when
964 1964 1005 1994 he
1029 1964 1204 2004 explained
1232 1964 1255 1994 it
1285 1967 1321 1994 ‘a
1349 1965 1516 1995 uoluendo

845 2017 911 2037 non
935 2017 954 2037 a
978 2006 1146 2037 uolendo.’

893 2061 941 2089 14.
987 2051 1114 2087 corpus
1154 2051 1383 2089 fabularium]
1424 2052 1517 2088 σῶμα

844 2094 1005 2130 μυθῶδεςι
1037 2104 1091 2124 see
1121 2093 1189 2124 crit.
1226 2098 1314 2124 note.
1366 2095 1428 2124 For
1459 2094 1515 2125 the

845 2136 927 2167 form
945 2147 997 2177 cp.
1017 2136 1240 2176 ‘singularius,
1260 2137 1417 2167 ollarius.’

893 2179 938 2210 16.
989 2180 1308 2218 uerbum...sermo]
1331 2180 1408 2210 “As
1425 2180 1516 2221 early

844 2233 880 2252 as
905 2223 960 2253 the
991 2223 1113 2253 second
1145 2229 1279 2262 century
1308 2222 1424 2255 Sermo
1449 2224 1515 2254 and

844 2266 990 2296 Verbum
1020 2276 1104 2296 were
1132 2266 1213 2296 rival
1241 2266 1452 2297 translations
1482 2267 1521 2298 of

844 2309 900 2340 the
927 2309 1036 2340 Greek
1062 2317 1145 2340 term
1170 2310 1283 2348 Λόγος.
1330 2309 1515 2341 Tertullian

843 2353 933 2392 gives
965 2352 1057 2386 both,
1090 2353 1147 2383 but
1179 2363 1284 2383 seems
1316 2352 1452 2384 himself
1481 2358 1515 2385 to

844 2395 951 2436 prefer
965 2395 1104 2426 ·Ratio.’
1135 2394 1284 2427 ‘Sermo’
1299 2395 1366 2426 first
1380 2397 1516 2428 became

843 2439 994 2476 unusual,
1018 2439 1083 2469 and
1106 2439 1219 2479 finally
1235 2449 1301 2469 was
1321 2439 1515 2471 disallowed

843 2482 875 2512 in
898 2482 953 2513 the
976 2482 1074 2512 Latin
1096 2481 1265 2517 Church‚''
1283 2482 1450 2514 Plummer
1471 2494 1515 2514 on

845 2525 882 2556 St
903 2525 992 2566 John
1017 2525 1027 2556 i
1056 2536 1082 2556 1.
1133 2525 1188 2556 On
1214 2526 1269 2557 the
1297 2526 1513 2567 Logos-Doc-

1385 2605 1406 2641 3

1543 850 1588 873 10

1543 1169 1584 1208 Ι5
