1727 2734
2 588 51 625 25

72 169 202 207 XXIV,
223 168 337 207 XXV]
482 168 554 198 DE
590 166 871 197 TRJNJTATE
902 165 1057 195 LJBEA’
1420 163 1469 201 91

71 264 203 308 deum,
225 261 432 311 accipiant,
455 268 574 310 atque
600 260 691 298 ideo
718 259 919 298 Christum
949 260 1081 296 Iesum
1109 257 1318 296 dominum
1340 258 1399 305 (ut
1424 257 1476 295 ita

71 327 253 376 dixerim)
276 341 322 365 ex
343 334 511 374 utroque
535 332 764 363 contextum
789 331 908 373 atque
932 330 1173 369 concretum,
1203 329 1241 359 et
1268 321 1307 358 in
1336 323 1475 360 eadem

71 393 274 443 utriusque
295 391 538 430 substantiae
558 389 772 428 concordia
789 388 915 426 mutui
935 389 985 426 ad
1007 387 1179 425 inuicem
1201 386 1370 425 foederis
1387 399 1478 424 con-

71 459 304 497 fibulatione
326 457 530 502 sociatum,
553 456 758 494 hominem
786 462 823 493 et
849 455 979 500 deum,
1004 453 1217 502 scripturae
1241 453 1318 490 hoc
1346 452 1476 501 ipsum

73 523 243 563 dicentis
264 521 439 565 ueritate,
462 528 715 570 cognoscant.

153 589 280 625 XXV.
341 588 455 636 Ergo,
484 585 677 635 inquiunt,
708 584 737 622 si
767 583 946 623 Christus
974 596 1054 621 non
1082 584 1204 620 homo
1235 590 1293 620 est
1323 590 1475 620 tantum

72 654 142 691 sed
181 660 219 691 et
252 653 362 697 deus,
394 651 597 691 Christum
632 658 764 688 autem
800 651 913 688 refert
949 650 1139 698 scriptura
1174 656 1373 685 mortuum
1408 660 1478 696 pro

71 718 188 756 nobis
214 725 251 755 et
279 716 566 763 resuscitatum,
594 716 671 754 iarn
702 717 819 754 docet
850 728 922 753 nos
952 714 1142 763 scriptura
1172 715 1331 752 credere
1358 714 1476 751 deum

73 789 295 820 mortuum:
326 789 393 818 aut
421 780 451 818 si
481 781 579 818 deus
610 793 689 818 non
722 779 895 826 moritur,
925 779 1105 818 Christus
1137 785 1269 815 autem
1303 786 1479 815 mortuus

72 848 244 892 refertur,
285 859 365 883 non
403 845 473 883 erit
513 845 692 884 Christus
731 846 839 891 deus,
876 844 1064 894 quoniam
1105 844 1204 881 deus
1238 855 1318 880 non
1351 850 1481 892 potest

71 911 197 961 accipi
236 919 424 949 mortuus.
484 911 514 948 si
554 924 743 960 umquam
783 909 1054 958 intellegerent
1093 916 1159 946 aut
1199 907 1481 946 intellexissent

73 979 183 1029 quod
217 979 361 1027 legunt,
397 990 615 1026 numquam
652 984 731 1014 tam
766 974 986 1025 periculose
1015 975 1181 1012 omnino
1215 975 1478 1022 loquerentur.

73 1044 143 1081 sed
168 1042 306 1081 erroris
329 1055 484 1091 semper
504 1049 562 1080 est
588 1042 755 1090 abrupta
775 1039 1000 1087 dementia3
1031 1048 1068 1077 et
1090 1053 1170 1078 non
1192 1047 1250 1077 est
1275 1051 1425 1076 nouum
1451 1036 1482 1075 si

74 1122 200 1159 usque
220 1109 271 1147 ad
293 1108 513 1158 periculosa
543 1108 804 1153 descendunt,
836 1106 902 1156 qui
930 1107 1049 1144 fidem
1078 1106 1291 1156 legitimam
1321 1105 1482 1154 relique-

74 1181 173 1212 runt.
247 1173 279 1211 si
313 1173 419 1212 enim
456 1173 646 1222 scriptura
685 1180 923 1222 proponeret
959 1171 1162 1211 Christum
1202 1171 1482 1208 tantummodo

76 1239 207 1284 deum,
240 1246 278 1277 et
308 1240 415 1276 nulla
446 1238 486 1275 in
517 1237 584 1276 illo
614 1237 829 1287 fragilitatis
856 1238 1053 1275 humanae
1081 1236 1245 1275 sociatio
1272 1244 1374 1274 esset
1402 1249 1483 1286 per-

75 1304 205 1351 mixta,
240 1303 379 1342 merito
414 1303 570 1341 illorum
606 1302 669 1340 hic
701 1302 851 1352 aliquid
883 1302 1069 1340 ualuisset
1105 1315 1233 1340 sermo
1266 1309 1481 1348 contortus,

78 1370 131 1408 ‘si
162 1369 342 1409 Christus
373 1371 482 1416 deus,
513 1368 692 1408 Christus
721 1376 853 1406 autem
883 1375 1072 1414 mortuus,
1102 1381 1193 1417 ergo
1221 1375 1398 1405 mortuus
1426 1372 1483 1403 est

75 1435 199 1473 deus.⁷
257 1435 326 1472 sed
353 1447 444 1472 cum
477 1446 558 1471 non
591 1434 871 1471 tantummodo
898 1432 1020 1480 illurn,
1050 1440 1092 1470 ut
1124 1431 1371 1470 ostendimus
1403 1431 1482 1468 iam

234 1575 242 1595 1
266 1569 340 1605 post
356 1564 527 1595 (lominum
546 1563 616 1594 edd.
632 1563 762 1604 priores
778 1573 817 1594 ex
833 1569 973 1603 utroque
989 1573 1151 1593 conexum
1168 1575 1174 1593 ε
1199 1574 1260 1593 om.
1276 1563 1327 1604 Ja.

122 1698 149 1719 2.
199 1689 238 1717 in
264 1687 399 1725 eadem]
426 1686 520 1716 ‘with
542 1686 646 1716 either
673 1685 746 1715 sub-

75 1736 188 1762 stance
220 1731 365 1771 meeting
396 1731 427 1760 in
462 1730 516 1760 the
548 1730 638 1769 clasp
666 1728 702 1759 of
729 1739 747 1758 a

817 1690 871 1715 not
895 1685 947 1714 {lle
968 1685 1105 1721 Divine,
1132 1684 1236 1715 which
1260 1684 1342 1714 died.
1390 1684 1486 1714 Evcn

816 1728 894 1758 with
912 1728 1003 1758 other
1023 1739 1105 1762 men,
1124 1729 1149 1757 it
1172 1729 1200 1758 is
1223 1727 1371 1768 llzeyfleslz
1393 1728 1487 1757 alone

1499 528 1519 564 5

1507 852 1554 875 10

1509 1178 1552 1215 15

77 1774 256 1815 reciprocal
274 1775 375 1808 bond,
394 1773 420 1804 is
438 1773 513 1804 God
532 1773 596 1803 and
617 1773 696 1802 Man
714 1772 746 1802 in

77 1817 163 1849 one.'
215 1817 278 1858 Cp.
319 1828 351 1858 p.
387 1827 438 1856 43.
473 1818 491 1847 8
531 1816 745 1856 ‘scripturam

77 1861 303 1901 euangelicam
336 1866 510 1900 utramque
543 1859 638 1890 istam
672 1859 745 1889 sub-

77 1905 231 1935 stantiam
250 1905 283 1934 in
303 1914 401 1934 unam
425 1903 606 1933 natiuitatis
624 1901 746 1933 Christi

78 1947 264 1979 foederasse
280 1946 514 1978 concor<liam.⁷

123 1991 234 2021 XXV.
295 1991 325 2020 T
321 1991 359 2020 lle
397 1989 539 2020 leeretz'cs'
581 1989 748 2029 objections

68 2032 210 2075 further
233 2033 549 2064 consz'dered—leat
574 2032 608 2072 is
635 2032 749 2062 Clzrisl

79 2078 108 2108 z's
124 2083 179 2107 not
194 2077 271 2116 only
287 2087 365 2106 man
386 2077 443 2106 bnt
466 2076 543 2110 God,
561 2075 632 2105 and
648 2074 683 2116 if
697 2075 749 2105 He

78 2121 156 2152 died
172 2121 244 2150 and
262 2131 330 2150 rose
352 2120 461 2159 agmbz,
489 2119 655 2159 itfollows
678 2118 751 2148 tlzat

80 2164 249 2204 Scriptum
274 2163 393 2193 tcachcs
416 2163 488 2192 that
515 2162 584 2192 God
604 2162 693 2192 died:
716 2172 748 2191 so

79 2207 153 2238 that
187 2207 298 2237 Christ
327 2210 445 2236 canno!
476 2205 508 2235 be
543 2205 618 2235 God.
672 2204 750 2235 This

81 2251 157 2281 raslz
182 2250 331 2290 obsec-tion
356 2249 469 2279 would
488 2249 572 2283 hold,
591 2248 627 2288 {f
640 2248 748 2288 Scrip-

81 2298 154 2324 ture
184 2293 330 2323 declam!
364 2292 436 2322 that
477 2292 590 2322 Christ
621 2291 649 2320 2⁴5
684 2291 754 2321 God

79 2337 167 2377 only,
199 2336 338 2366 willmut
374 2336 562 2365 admixtum
599 2334 639 2374 os
661 2334 750 2364 weak

81 2380 269 2418 humanity.
317 2379 386 2409 But
409 2379 578 2419 Scrzplttre
603 2378 670 2408 does
696 2381 751 2407 nol

81 2434 113 2454 so
140 2423 262 2453 declam·
272 2435 283 2457 ‚¹
315 2422 386 2452 and
407 2422 479 2452 llmt
500 2421 606 2451 which
636 2421 663 2450 is
689 2421 748 2450 im-

83 2467 204 2497 mortal
223 2467 257 2495 in
277 2466 360 2496 Him
384 2465 551 2495 remczined
568 2465 747 2504 inem-rapt.

83 2510 185 2548 Dez'ty
207 2510 234 2539 is
255 2509 447 2549 impossible,
466 2509 643 2546 lzumzmily
656 2513 747 2548 pass-

82 2553 151 2583 ible.
202 2553 234 2582 lt
256 2563 324 2582 ‘zoas
350 2553 401 2582 lln’
423 2553 565 2582 Human
590 2551 626 2581 in
650 2551 748 2584 Him,

816 1771 921 1802 which
936 1772 1011 1802 dies.
1042 1772 1267 1810 lmmorlalz'ly
1280 1771 1307 1801 is
1320 1771 1370 1800 she
1381 1770 1485 1801 birth-

817 1815 906 1855 rzglzl
922 1814 960 1854 <f
969 1815 1021 1844 llle
1035 1815 1164 1844 human
1181 1815 1268 1845 soal:
1290 1814 1383 1844 much
1402 1824 1489 1844 more

816 1859 892 1889 then
910 1858 1011 1898 qfllze
1035 1858 1137 1888 Word
1148 1858 1187 1898 ῳ(
1199 1858 1269 1888 God
1282 1858 1352 1888 who
1368 1861 1488 1887 cannot

817 1902 849 1932 he
863 1906 929 1941 pus
949 1906 978 1932 to
997 1902 1091 1931 death
1114 1902 1152 1940 hy
1173 1902 1300 1931 human.
1322 1907 1429 1940 power
1450 1911 1489 1931 or

817 1946 948 1983 cmelty.
999 1946 1065 1975 For
1090 1945 1144 1975 llze
1170 1945 1244 1974 mul
1270 1955 1338 1974 was
1365 1944 1490 1974 created

817 1988 957 2027 through
988 1988 1039 2018 tlze
1070 1987 1171 2018 Word
1197 1988 1237 2026 of
1263 1988 1340 2018 God.
1398 1987 1489 2017 Thus

817 2032 869 2062 the
899 2031 1001 2061 Ward
1018 2042 1087 2061 was
1111 2036 1165 2061 not
1186 2031 1221 2061 in
1246 2031 1313 2061 His
1338 2030 1493 2061 Godlzead

817 2074 953 2114 brought
976 2079 1006 2104 to
1031 2074 1207 2114 mortality.
1256 2075 1349 2104 Even
1375 2074 1411 2103 εἰ]
1436 2073 1489 2103 tlze

818 2129 884 2148 case
903 2117 943 2158 (gf
959 2118 1012 2147 [lle
1033 2117 1238 2153 Palriarclzs,
1258 2117 1309 2147 llze
1327 2122 1436 2157 power
1457 2116 1498 2157 qf

818 2161 910 2191 death
928 2161 1058 2191 availed
1070 2161 1146 2200 only
1162 2161 1294 2201 agm'nst
1309 2161 1361 2190 the
1377 2160 1464 2198 body.

868 2214 912 2242 13.
941 2204 1108 2242 abrupta]
1120 2214 1212 2244 prop.
1235 2205 1242 2218 ⁶
1256 2202 1486 2244 precipitous':

818 2248 922 2278 hence
943 2246 1156 2288 ⁶(lesperate‚'
1177 2250 1183 2262 ‘
1196 2246 1391 2286 foolhardy.⁷

868 2301 877 2321 1
888 2300 915 2328 7.
963 2292 1089 2321 merito
1105 2293 1258 2321 illorum.
1268 2316 1272 2320 .
1282 2289 1489 2327 contortus]

822 2334 927 2364 ‘their
968 2344 1118 2374 perverse
1161 2338 1333 2374 argument
1377 2333 1486 2363 would

818 2377 902 2408 have
922 2377 1004 2408 been
1028 2377 1059 2406 in
1083 2376 1146 2407 this
1166 2387 1239 2407 case
1262 2377 1436 2417 deserving
1456 2375 1493 2406 of

818 2431 909 2451 some
923 2420 1191 2451 consideration.’
1222 2419 1285 2460 Cp.
1299 2420 1367 2450 Cic.
1383 2419 1487 2450 Acad.

818 2464 840 2494 ii
866 2473 903 2503 75
925 2465 1092 2494 ‘contorta
1108 2468 1139 2493 et
1159 2463 1307 2494 aculeata
1325 2464 1488 2504 quaedam

820 2507 1048 2548 sophismata!
