1727 2734
173 489 191 527 5

145 824 190 847 10

225 123 239 151 1
254 123 267 152 1
279 113 302 152 8
775 123 844 154 No
855 123 910 153 VA
920 123 1067 154 TJANJ
1488 124 1624 163 [ΧΧΧΙ

217 219 284 268 qui
319 219 440 257 habet
478 218 680 266 originem,
717 217 781 255 ille
816 216 882 266 qui
916 216 1107 266 originem
1140 216 1288 264 nescit3
1331 216 1447 255 simul
1480 225 1523 255 ut
1558 218 1626 256 hic

218 283 345 322 minor
384 284 444 328 sit,
480 284 576 321 dum
610 282 651 320 in
690 283 757 320 illo
792 295 876 320 esse
911 295 952 320 se
986 281 1068 328 scit,
1106 282 1257 319 habens
1291 282 1492 332 originem,
1528 283 1625 332 quia

216 349 398 394 nascitur,
439 355 477 385 et
516 360 584 397 per
623 354 773 396 patrem
817 347 991 396 quodam
1032 347 1166 389 modo,
1208 346 1389 395 quamuis
1428 346 1620 397 originem

215 414 345 459 habet,
369 426 446 462 qua
467 412 649 458 nascitur,
672 411 826 450 uicinus
847 411 886 449 in
908 411 1124 457 natiuitate‚
1146 413 1242 450 dum
1264 425 1310 450 ex
1331 425 1379 450 eo
1406 420 1526 462 patre,
1550 412 1620 462 qui

214 478 405 528 originem
441 478 547 515 solus
577 489 658 515 non
689 476 819 521 habet,
852 476 1034 514 nascitur.
1095 476 1158 513 hic
1193 490 1284 526 ergo
1319 479 1480 526 quando
1510 485 1626 527 pater

213 542 350 589 uoluit,
383 541 572 591 processit
603 555 649 579 ex
678 550 812 591 patre:
844 549 882 580 et
909 543 977 591 qui
1003 541 1043 578 in
1070 549 1179 591 patre
1203 541 1286 586 fuit,
1314 542 1406 591 quia
1435 556 1482 580 ex
1510 550 1623 592 patre

213 609 294 655 fuit,
322 622 413 646 cum
438 616 546 658 patre
574 609 829 657 postmodum
859 607 942 654 fuit,
972 607 1063 657 quia
1087 621 1134 645 ex
1161 615 1269 656 patre
1298 608 1498 657 processit,
1530 608 1624 646 sub—

212 673 354 712 stantia
375 673 523 711 scilicet
550 673 614 710 illa
635 673 781 719 diuina,
809 672 920 710 cuius
950 685 1097 710 nomen
1127 680 1185 710 est
1212 672 1391 717 uerbum,
1416 686 1485 722 per
1509 674 1621 722 quod

212 740 313 777 facta
344 747 435 776 sunt
462 738 606 784 omnia,
630 747 668 777 et
696 738 780 776 sine
807 751 888 787 quo
916 739 1063 776 factum
1094 746 1152 776 est
1182 737 1288 775 nihil.
1349 738 1483 776 omnia
1510 738 1617 776 enim

211 812 300 853 post
330 804 457 853 ipsum
487 811 588 849 sunt,
613 803 704 853 quia
731 816 799 853 per
826 803 954 852 ipsum
983 811 1084 849 sunt,
1108 811 1145 841 et
1173 802 1312 841 merito
1339 802 1423 852 ipse
1446 811 1504 841 est
1524 812 1619 842 ante

210 869 356 916 omnia,
380 870 450 907 sed
479 877 569 918 post
599 877 761 918 patrem,
788 869 950 918 quando
980 881 1048 918 per
1077 868 1186 905 illum
1217 869 1318 906 faeta
1348 876 1438 906 sunt
1467 869 1615 906 omnia.

278 960 357 989 1-—5
386 950 482 980 simul
499 956 533 980 ut
551 949 715 980 hic...non
734 949 832 979 habet
850 951 994 980 nascitur
1010 961 1047 979 a:
1072 959 1134 979 om.
1152 960 1185 986 7.
1243 949 1309 980 Sed
1328 949 1444 980 uicinis
1468 961 1507 980 a:
1532 960 1617 980 corr.

210 1005 265 1035 Pa.
415 1015 430 1035 2
456 1004 548 1045 quia]
572 1014 636 1044 qua
656 1005 692 1034 F.
708 1004 786 1044 Jun.
803 1004 882 1034 coni.
1032 1003 1050 1034 6
1076 1003 1230 1044 processit
1248 1014 1286 1034 ex
1309 1010 1420 1044 patre:
1446 1009 1476 1034 et
1501 1004 1557 1044 qui
1581 1004 1617 1035 in

207 1064 300 1100 patre
322 1059 396 1097 fuit]
420 1059 496 1089 llaec
521 1059 617 1088 uerba
647 1063 707 1098 per
736 1058 993 1098 dittographiam
1026 1059 1157 1098 rtsselila
1187 1058 1335 1089 exhibent
1365 1058 1442 1088 edd.
1474 1058 1610 1099 priores.

210 1123 224 1153 7
250 1125 323 1145 cum
349 1120 441 1155 patre
459 1114 670 1154 postmodum
690 1113 762 1152 fuit]
781 1119 811 1144 et
834 1123 906 1144 cum
926 1124 956 1153 p.
978 1112 1037 1143 fuit
1056 1112 1120 1152 (ed.
1144 1113 1244 1143 Paris.
1267 1113 1370 1153 1545).
1494 1124 1527 1144 11
1555 1114 1615 1144 sed

206 1175 280 1210 post
302 1177 429 1210 patrem
455 1181 473 1198 α
488 1179 494 1198 ;
520 1180 580 1199 om.
610 1179 631 1206 ’γ
658 1169 712 1198 Pa.

944 1256 963 1275 a
977 1247 1138 1276 mztz'm'tas
1151 1245 1188 1276 of
1201 1246 1255 1277 the
1270 1246 1353 1276 First
1370 1247 1490 1277 Person
1505 1246 1543 1277 of
1554 1247 1615 1278 the

945 1289 1084 1329 'l‘rinity,
1097 1295 1130 1319 to
1140 1289 1246 1319 which
1259 1290 1313 1320 the
1325 1289 1392 1320 Son
1405 1291 1430 1320 is
1444 1290 1611 1325 ‘uicinus‚’

946 1333 1045 1363 —i.e.
1089 1333 1201 1372 nearly
1243 1332 1488 1370 simultaneous,
1502 1339 1610 1364 —not

253 1257 277 1276 1.
329 1248 433 1276 simu]
449 1249 490 1276 ut
506 1248 561 1276 mc
578 1247 693 1276 minor
706 1246 810 1284 sit...]
827 1257 872 1276 sc.

205 1300 319 1320 necesse
338 1295 390 1320 est.
440 1291 501 1320 ‘At
526 1289 580 1320 the
602 1300 690 1319 same
717 1290 795 1319 time
819 1290 874 1319 He

204 1339 290 1364 must
314 1333 354 1363 be
379 1333 452 1368 less,
477 1343 511 1363 as
537 1332 695 1373 knowing
721 1332 791 1363 that
819 1333 873 1363 He

204 1376 230 1406 is
247 1376 277 1406 in
299 1376 391 1411 Him,
411 1376 532 1416 having
552 1387 593 1406 an
615 1376 731 1416 origin,
750 1375 781 1406 in
802 1376 873 1406 that
943 1386 1023 1406 even
1044 1376 1090 1415 (as
1106 1376 1148 1406 he
1164 1376 1249 1416 says)
1269 1376 1300 1406 in
1324 1377 1420 1406 order
1441 1382 1475 1406 to
1501 1383 1611 1417 *carry

205 1420 260 1450 He
288 1419 314 1450 is
341 1420 444 1454 born;
476 1420 552 1457 and,
584 1419 709 1459 though
735 1419 790 1449 He
813 1419 872 1450 has

203 1473 245 1493 an
267 1462 372 1503 origin
398 1463 429 1492 in
454 1474 490 1493 so
516 1463 562 1492 far
586 1473 620 1492 as
647 1463 701 1493 He
725 1462 751 1493 is
774 1463 868 1499 born,

203 1513 267 1546 yet,
300 1507 443 1547 through
483 1506 545 1536 His
586 1506 718 1543 Father,
754 1506 810 1536 He
845 1506 872 1536 is

202 1549 370 1580 somehow
399 1556 455 1580 not
484 1549 532 1579 far
561 1550 715 1580 removed
744 1549 775 1579 in
808 1550 871 1580 His

202 1593 289 1623 birth
314 1593 397 1623 from
424 1593 516 1627 Him,
542 1603 577 1623 as
604 1593 704 1633 being
730 1593 812 1623 born
838 1593 876 1623 of

201 1636 271 1667 that
305 1636 425 1667 Father
456 1636 532 1666 who
556 1636 651 1666 alone
677 1636 703 1666 is
731 1636 869 1667 without

201 1679 317 1720 origin.
327 1679 333 1690 '
367 1680 421 1710 On
435 1680 498 1710 this
512 1680 593 1710 view
607 1679 644 1709 of
653 1679 708 1709 the
722 1690 868 1720 passage,

200 1723 256 1754 the
287 1728 316 1753 et
345 1723 479 1763 couples
515 1723 646 1752 uit-inus
683 1729 717 1753 to
751 1723 870 1753 liabens

200 1767 376 1807 originem:
405 1766 469 1796 and
496 1766 552 1796 the
580 1772 709 1806 strange
737 1776 866 1806 expres-

200 1809 272 1840 sion
297 1810 428 1840 uirium
452 1810 488 1839 in
513 1810 689 1839 natiuilalc
710 1809 736 1839 is
757 1816 867 1840 ineant

200 1858 233 1883 to
258 1858 381 1884 correct
398 1864 435 1883 or
457 1853 583 1892 moslify
600 1852 654 1883 the
672 1852 865 1892 impression

198 1896 255 1927 left
272 1896 316 1936 by
331 1897 450 1927 liabens
465 1897 638 1936 originem.
682 1896 754 1926 The
769 1897 866 1926 senti-

199 1945 289 1970 ment
329 1940 500 1970 ι1116111115..
509 1938 681 1970 nascitur
720 1949 793 1978 inay
826 1939 866 1970 be

197 1983 378 2014 illustrated
397 1983 440 2023 by
458 1983 557 2023 Greg.
576 1983 657 2013 Naz.
680 1983 736 2013 Or.
759 1983 864 2013 Theol.

197 2026 231 2057 iii
273 2037 304 2057 11
340 2028 368 2056 εἰ
407 2027 457 2056 καὶ
495 2028 582 2064 μέγα
618 2023 663 2064 τῷ
701 2027 797 2065 πατρὶ
829 2024 865 2056 τὸ

196 2071 378 2107 μηδαμόθεν
402 2070 577 2109 ὡρμῆσθαι,
599 2070 652 2099 οὐκ
668 2070 803 2100 ἔλαττον
821 2069 866 2108 τῷ

197 2114 252 2152 υἱῲ
269 2112 304 2144 τὸ
330 2115 364 2143 ἐκ
385 2115 528 2143 τοιούτου
551 2112 680 2152 πατρός.
727 2113 782 2150 τῆς
801 2112 864 2151 ’γὰρ

195 2158 250 2186 τοῦ
270 2154 412 2186 αἶναιτίου
437 2155 525 2193 δόξης
546 2157 676 2193 μετέχοι
698 2155 744 2191 ἄν,
762 2157 811 2186 ὅτι
829 2157 863 2186 ἐκ

195 2202 250 2230 τοῦ
271 2198 422 2231 ἀναιτίου.
473 2200 544 2230 The
563 2199 653 2229 word
676 2200 807 2229 uicinus
829 2200 861 2230 in

194 2243 277 2274 later
292 2243 390 2274 Latin
411 2242 594 2284 frequently
615 2243 753 2273 denotes
774 2243 862 2274 close

193 2286 365 2327 similarity
387 2297 423 2317 or
446 2286 595 2327 kinship:
619 2286 684 2316 and
709 2286 785 2316 here
806 2297 859 2317 ex-

193 2340 319 2370 presses
342 2329 528 2370 proximity,
552 2335 609 2360 not
633 2329 665 2359 in
688 2329 778 2364 time,
802 2329 858 2360 but

192 2372 225 2403 in
242 2379 367 2403 nature.
415 2373 445 2403 It
467 2373 493 2403 is
514 2378 571 2403 not
593 2383 763 2413 necessary
782 2373 859 2403 with

193 2416 240 2447 H.
268 2416 396 2457 Jordan
435 2415 486 2456 (Τ
481 2416 860 2455 ἡεοίοὲίε,,.Νουαίίαιω·

191 2471 222 2501 p.
251 2461 306 2501 98)
329 2466 362 2490 to
387 2459 587 2490 understand
611 2459 667 2490 the
691 2459 800 2490 writer
824 2465 858 2490 to

191 2509 334 2544 suggest,
351 2503 395 2543 by
410 2513 429 2533 a
445 2513 537 2543 gross
555 2502 674 2533 misuse
693 2502 731 2533 of
744 2508 855 2538 terms,

941 1419 1026 1450 back
1040 1419 1094 1450 the
1108 1419 1288 1460 beginning
1303 1419 1341 1450 of
1353 1419 1407 1450 the
1425 1420 1493 1450 Son
1510 1430 1545 1450 as
1561 1420 1613 1450 fai·

941 1473 975 1493 as
993 1461 1157 1503 possible.’

986 1518 1015 1546 5.
1062 1507 1118 1536 hic
1141 1514 1225 1542 ergo
1248 1506 1328 1544 cet.]
1356 1517 1499 1537 resumes
1523 1506 1607 1537 from

941 1560 971 1590 p.
995 1549 1062 1580 116.
1081 1563 1099 1589 4
1113 1560 1151 1579 ex
1166 1560 1243 1590 quo.
1257 1550 1390 1590 quando
1404 1550 1473 1590 ipse
1490 1550 1606 1580 uoluit.

1074 1594 1244 1629 processit
1281 1601 1323 1624 ex
1360 1593 1475 1632 patre]
1533 1594 1606 1625 The

939 1646 1028 1666 same
1058 1636 1164 1666 writer
1190 1636 1304 1667 dwells
1331 1637 1451 1677 rightly
1475 1647 1517 1666 on
1549 1637 1605 1667 the

939 1678 1002 1710 fact
1021 1679 1090 1710 that
1109 1680 1153 1710 N.
1172 1679 1251 1710 calls
1273 1680 1341 1710 that
1362 1680 1486 1710 eternal
1506 1690 1604 1720 gene-

938 1723 1043 1753 ration
1059 1724 1211 1763 processio
1235 1723 1444 1762 (προέλευσις,
1462 1734 1481 1753 a
1504 1724 1608 1764 going

937 1765 1047 1803 forth),
1062 1777 1096 1796 as
1110 1766 1164 1796 did
1184 1766 1430 1806 Athenagoras:
1449 1767 1504 1797 the
1521 1773 1604 1798 term

937 1809 1099 1850 implying
1116 1809 1183 1840 that
1203 1810 1258 1840 He
1276 1820 1340 1839 was
1358 1810 1389 1840 in
1411 1809 1464 1840 the
1483 1810 1608 1841 Father

937 1852 1047 1883 before
1096 1853 1149 1883 He
1195 1853 1378 1893 proceeded
1425 1853 1507 1883 from
1546 1853 1604 1884 the

937 1896 1068 1933 father,
1089 1907 1124 1926 as
1142 1897 1196 1926 the
1213 1896 1369 1936 Creating
1387 1897 1500 1927 Word.
1537 1897 1600 1938 Cp.

937 1948 989 1978 5.0
1013 1949 1058 1978 14,
1081 1950 1114 1978 15
1144 1941 1197 1970 ‘ex
1221 1939 1284 1970 (leo
1308 1939 1476 1980 quomodo
1501 1940 1604 1971 homo

936 1970 1001 2012 11011
1027 1983 1195 2023 processit
1220 1983 1265 2013 sic
1289 1983 1341 2013 (161
1366 1984 1501 2013 uerbum
1517 1993 1600 2032 pro

936 2026 1055 2056 cessit.
1086 2026 1148 2058 See
1167 2026 1292 2057 Introd.
1314 2027 1330 2063 ξ
1347 2037 1376 2067 5,
1399 2037 1430 2067 p.
1450 2027 1548 2057 xxxii.

978 2069 1007 2100 6.
1059 2071 1142 2106 quia
1167 2078 1210 2100 ex
1235 2073 1338 2107 patre
1365 2070 1448 2108 fuit]
1471 2077 1602 2110 repeats

934 2112 988 2143 the
1014 2123 1128 2143 reason
1154 2113 1185 2143 in
1211 2123 1242 2153 p.
1273 2122 1329 2152 1¹7
1356 2113 1377 2143 l.
1407 2124 1417 2143 1
1441 2114 1532 2144 ‘curn
1557 2114 1599 2144 sit

931 2156 1061 2196 genitus
1075 2167 1092 2186 a
1106 2163 1207 2196 patre,
1225 2167 1353 2196 semper
1369 2162 1416 2186 est
1434 2156 1465 2186 in
1485 2157 1598 2197 patre.’

978 2208 1005 2238 7.
1052 2208 1130 2230 cum
1146 2202 1248 2236 patre
1271 2202 1494 2236 postmodum
1514 2201 1601 2239 fuit]

930 2243 989 2272 viz.
1015 2243 1098 2273 aster
1120 2243 1175 2273 the
1200 2243 1403 2273 ‘natiuitas’z
1432 2253 1468 2273 so
1494 2246 1598 2284 ‘post-

929 2286 1063 2316 modum
1077 2286 1255 2317 secundum
1263 2296 1393 2317 carnem
1407 2285 1600 2323 lion1i11e1n,’

929 2339 955 2360 c.
978 2329 1042 2359 xvii
1061 2340 1090 2370 p.
1110 2339 1161 2370 59.
1186 2339 1230 2368 13·

973 2373 1015 2402 il).
1055 2373 1271 2411 substantia]
1296 2373 1357 2413 Cp.
1372 2383 1402 2403 n.
1415 2383 1458 2403 on
1470 2383 1501 2413 p.
1521 2373 1591 2405 116.

928 2414 947 2445 6
965 2416 1080 2447 above.

976 2469 987 2489 1
999 2469 1022 2489 1.
1071 2461 1211 2496 quando
1227 2467 1290 2496 per
1305 2460 1406 2490 inum
1422 2459 1488 2500 sq.]
1520 2460 1595 2492 The

927 2508 1024 2533 stress
1048 2502 1074 2533 is
1098 2512 1140 2533 on
1165 2502 1219 2533 the
1245 2502 1345 2543 ‘pen’
1392 2503 1421 2533 It
1444 2509 1594 2544 suggests
