1727 2734
99 157 170 196 III]
518 159 589 188 DE
623 158 905 188 'l'lx'lNl'lL—'IY'E
938 158 1091 188 LIBER
1454 156 1493 183 ΙΙ

98 252 326 289 maiestatem
349 266 468 289 meam
489 265 563 288 mm
583 252 679 288 dabo
699 253 814 289 alleri
826 267 834 298 3
864 259 905 289 ut
930 264 1069 289 omnes
1090 265 1179 289 611111
1202 251 1282 289 suis
1304 252 1501 301 figmentis

95 316 277 355 ethnicos
306 318 488 355 excludat
518 325 555 354 et
589 317 816 363 haereticos,
850 317 1021 366 probans
1051 318 1169 355 deum
1202 330 1282 355 non
1313 330 1398 356 esse
1433 318 1498 366 qui

98 395 216 420 manu
238 382 396 420 artificis
413 383 537 419 factus
559 381 617 426 sit,
637 395 710 419 nec
730 395 819 420 eum
843 382 909 431 qui
930 381 1089 432 ingenio
1106 382 1290 420 haeretici
1309 383 1421 420 fictus
1439 382 1498 419 sit.

97 458 177 484 non
204 454 263 484 est
289 446 394 484 enim
420 448 529 493 deus,
553 447 626 493 cui,
651 454 692 484 ut
713 446 772 494 sit,
795 448 1045 496 quaerendus
1069 455 1127 485 est
1147 447 1293 485 artifex.
1353 447 1499 496 quique

95 512 228 549 adhuc
256 511 401 550 adiecit
431 525 499 561 per
528 513 785 561 prophetam:

96 582 222 614 autem
260 578 460 615 scabellum
498 580 639 626 pedum
680 591 846 615 meorum
860 594 873 615 .-

95 641 259 686 dmnum,
296 647 366 679 aul
396 644 482 691 quis
520 644 619 680 locus
657 643 800 690 requiei
835 645 965 680 meae?
1007 651 1049 681 ut
1088 645 1271 681 ostendat
1310 643 1499 693 quoniam

97 708 222 745 multo
263 707 384 756 magis
419 707 526 745 illum
563 709 754 758 templum
789 721 870 746 non
905 708 1020 758 capit,
1058 722 1175 758 quem
1212 710 1384 747 mundus
1420 721 1500 746 non

97 771 211 820 capit.
273 780 311 810 et
333 773 430 810 haee
458 785 536 810 non
559 774 609 810 ad
631 773 690 811 sui
715 773 954 819 iactantiam,
976 775 1046 811 sed
1073 775 1122 811 ad
1149 773 1269 812 nostri
1295 773 1499 812 scientiam

96 837 221 874 refert.
263 849 392 885 neque
409 837 513 875 enim
535 837 617 887 ipse
638 851 659 875 a
681 838 795 876 nobis
812 838 1008 876 desiderat
1026 838 1308 888 magnitudinis
1323 839 1497 888 gloriam,

97 903 168 940 sed
206 902 321 939 nobis
362 905 445 940 uult
484 903 715 953 religiosam,
758 917 836 953 qua
881 912 1000 954 pater,
1041 906 1218 942 conferre
1253 903 1497 954 sapientiam.

96 966 244 1016 quique
282 975 481 1016 praeterea
520 968 664 1006 ferinos
705 977 858 1007 nostros
896 969 1050 1007 animos
1089 978 1126 1007 et
1166 970 1215 1007 de
1253 970 1394 1019 agresti
1433 970 1501 1006 im-

99 1030 286 1069 manitate
321 1031 495 1070 tumidos
534 1041 572 1070 et
610 1034 799 1082 abruptos
837 1035 887 1071 ad
927 1035 1127 1071 lenitatem
1163 1035 1314 1071 trahere
1349 1034 1498 1077 uolens,

97 1095 193 1133 dicit
209 1111 215 1133 :

95 1162 276 1198 lzlcmilem
306 1168 342 1198 el
365 1164 541 1211 quietum,
563 1169 600 1200 et
617 1169 831 1201 trementem
857 1164 970 1200 uerba
998 1165 1112 1200 mea?
1141 1171 1182 1200 ut
1207 1164 1327 1201 deum
1351 1163 1498 1212 aliqua-

95 1234 210 1264 tenus
245 1235 414 1276 quantus
450 1227 496 1265 sit
533 1228 654 1277 possit
688 1241 912 1278 agnoscere,
944 1229 1040 1266 dum
1080 1227 1188 1265 illum
1222 1241 1290 1276 per
1321 1227 1498 1277 spiritum

95 1292 282 1328 collatum
304 1291 418 1329 discit
439 1292 586 1330 timere.
646 1293 712 1342 qui
741 1292 917 1331 similiter
943 1293 1075 1330 adhuc
1101 1292 1223 1342 magis
1251 1292 1289 1329 in
1318 1292 1499 1330 notitiam

95 1357 217 1393 nostri
232 1357 368 1394 uolens
385 1356 600 1406 peruenire,
618 1358 668 1395 ad
686 1358 877 1395 culturam
895 1357 954 1395 sui
971 1365 1125 1395 nostros
1141 1357 1315 1395 excitans
1331 1357 1496 1403 animos,

93 1420 246 1458 aiebat:
272 1433 333 1469 ego
361 1435 444 1458 sum
473 1422 660 1467 dominus,
687 1424 756 1471 qui
771 1423 852 1471 feci
874 1424 990 1460 lucem
1019 1428 1056 1459 et
1081 1424 1212 1459 creans
1233 1423 1426 1469 tenebras,
1457 1431 1498 1460 ut

95 1484 412 1523 uicissitudinum
442 1485 601 1524 istarum
628 1487 771 1536 quibus
793 1494 929 1525 noctes
951 1487 1114 1536 diesque
1142 1488 1396 1525 moderantur
1417 1501 1497 1526 non

95 1558 273 1588 naturam
305 1551 440 1589 nescio
473 1565 591 1601 quam
624 1560 850 1601 putaremus
879 1552 1081 1598 artificem,
1112 1553 1180 1590 sed
1212 1554 1331 1591 deum
1362 1566 1499 1602 agnos—

817 514 957 549 caelum
989 514 1087 550 mila·
1114 514 1276 551 thronus
1301 519 1364 557 est,
1395 519 1499 550 serra

919 580 1068 626 qualem
1115 580 1213 615 milei
1255 578 1502 627 aedis‘icaln‘ll's

264 1101 299 1132 et
344 1104 459 1145 super
500 1111 608 1146 quem
655 1100 853 1147 requiescet
897 1100 1057 1147 spiritns
1104 1111 1215 1141 meus,

391 1649 424 1669 21
455 1646 642 1680 instaremus
658 1651 696 1670 m<
714 1651 772 1671 ms.
801 1641 939 1670 lVonoerl
952 1641 1013 1680 Ja:
1040 1651 1145 1671 -emus
1162 1642 1204 1671 al.

142 1726 168 1746 1.
213 1717 438 1746 maiestatem
450 1717 578 1754 meam]
604 1717 647 1746 Is.
661 1717 759 1747 xliiS.

137 1769 167 1798 3.
221 1767 330 1789 manu
359 1760 519 1798 artificis]
574 1760 638 1800 Cp
674 1761 758 1791 Hos.

878 1728 925 1755 14.
977 1717 1020 1747 Is.
1053 1717 1119 1747 lxvi
1156 1728 1167 1747 2
1202 1717 1264 1758 Vg.
1302 1718 1363 1748 ‘ad
1399 1728 1497 1758 quem

829 1766 938 1791 autem
953 1761 1123 1800 respiciam
1135 1761 1195 1791 nisi
1207 1761 1248 1791 ad
1261 1761 1497 1801 pauperculum

1266 1099 1346 1135 nisi
1390 1105 1504 1147 super

93 1802 149 1832 viii
166 1801 196 1837 6,
224 1803 307 1833 Acts
324 1802 376 1832 xix
404 1802 454 1833 26.

137 1846 178 1876 zb.
222 1848 284 1881 qui
304 1847 445 1883 ingenio
461 1848 556 1876 haer.
577 1848 680 1877 fictus
697 1847 759 1885 sit]

93 1889 276 1920 Tertullian
290 1890 409 1930 speaks
422 1889 460 1919 of
468 1889 617 1924 heretics,
637 1894 759 1930 ‘neque

91 1932 134 1962 ab
158 1932 345 1962 idololatria
368 1933 490 1963 distare
507 1933 667 1969 haereses,
685 1944 758 1964 cum

91 1975 425 2006 auctoris...eiusdem
471 1976 545 2012 sint,
591 1977 681 2007 euius
727 1984 759 2007 et

91 2019 278 2049 idololatria
300 2019 408 2050 Deum
431 2027 485 2050 aut
508 2019 633 2060 fingunt
658 2020 758 2050 alium

91 2062 248 2092 aduersus
272 2062 474 2100 Creatorem,
499 2068 554 2093 aut
578 2063 604 2093 si
627 2063 758 2093 unicum

92 2105 283 2136 Creatorem
315 2105 521 2140 confitentur,
554 2105 648 2136 aliter
684 2117 757 2136 eum

91 2148 254 2179 disserunt
267 2159 366 2189 quam
384 2149 416 2178 in
430 2159 508 2179 uero
521 2148 527 2161 ’
545 2148 594 2188 (de
605 2150 753 2180 Pracssr.

92 2192 148 2231 xl).

137 2245 167 2274 5.
216 2236 259 2265 Is.
278 2235 345 2265 lxvi
367 2245 392 2265 1.

139 2288 187 2308 12.
239 2279 304 2308 ‘To
328 2279 417 2309 draw
441 2284 474 2308 to
492 2278 679 2318 gentleness
701 2290 760 2309 our

91 2322 179 2352 souls
209 2321 370 2352 beastlike
401 2322 465 2352 and
498 2322 530 2352 in
564 2322 647 2352 their
680 2323 758 2352 rude

91 2365 246 2395 untamed
278 2365 447 2395 condition
476 2365 578 2404 prout]
606 2366 671 2395 and
700 2366 755 2395 ob-

89 2407 231 2438 stinate)
277 2408 350 2439 The
367 2408 441 2439 idea
457 2408 495 2438 of
511 2409 657 2439 advance
674 2408 756 2439 from

85 2451 204 2490 feritas
227 2456 260 2482 to
283 2452 479 2482 humanitas
503 2452 529 2482 is
552 2451 701 2492 frequent
723 2452 756 2482 in

90 2494 238 2525 classical
256 2494 364 2529 Latin,
383 2506 445 2535 e.g.
462 2495 557 2526 Lucr.
579 2506 597 2525 v
615 2505 675 2536 925
695 2506 755 2536 sq.,

90 2537 160 2569 Cic.
178 2538 215 2568 de
235 2538 296 2578 Off
315 2538 348 2568 iii
366 2538 382 2575 ἕ
400 2548 450 2577 32·

829 1809 859 1834 et
877 1805 1054 1834 contritum
1071 1804 1226 1844 spirituP‘

877 1857 923 1886 15.
974 1848 1215 1886 aliquatenus]
1236 1847 1495 1878 ‘inanieasure'z

827 1900 862 1920 as
894 1890 941 1920 far
971 1901 1006 1920 as
1038 1890 1128 1921 finite
1160 1891 1268 1921 minds
1294 1901 1353 1921 can
1379 1891 1495 1922 under-

827 1933 936 1964 stand.
1244 1970 1246 1973 y

877 1976 923 2007 16.
987 1985 1050 2014 per
1098 1979 1264 2014 spiritum
1313 1978 1497 2017 collatum]

831 2020 990 2060 ‘through
1004 2020 1222 2051 thebestowal
1238 2020 1276 2051 of
1288 2021 1342 2052 the
1357 2020 1473 2061 Spirit'
1487 2031 1493 2051 ;

828 2074 880 2104 cp.
904 2074 913 2093 1
933 2064 986 2104 Jo.
1006 2063 1038 2093 iii
1059 2074 1109 2101 24.

877 2116 924 2147 19.
974 2107 1017 2136 Is.
1037 2107 1090 2136 xlv
1111 2117 1137 2146 7.

874 2160 922 2180 πο.
968 2157 1037 2180 11011
1052 2153 1218 2180 naturam
1236 2152 1352 2181 nescio
1374 2151 1496 2190 quam]

829 2196 902 2223 ‘not
931 2193 1118 2233 something
1142 2193 1246 2224 called
1272 2193 1432 2224 Nature':
1463 2195 1495 2224 111

827 2236 960 2275 general
985 2236 1149 2267 reference
1172 2243 1206 2266 to
1226 2236 1281 2267 the
1299 2237 1496 2277 pantheistic

829 2279 911 2309 view
935 2279 972 2309 os
993 2280 1129 2316 Nature,
1156 2279 1231 2310 held
1250 2280 1426 2320 especiall)
1451 2281 1494 2320 1))

829 2323 883 2353 the
915 2322 1108 2354 510165ῑῑ15
1137 2323 1320 2358 described,
1355 2334 1407 2364 eg
1413 2347 1432 2360 .,
1462 2324 1493 2354 in

828 2365 944 2396 Cicero
972 2367 1009 2396 de
1039 2366 1119 2396 Nax.
1155 2367 1302 2396 Deomlm
1335 2367 1342 2397 i
1372 2349 1407 2404 ,ξῦ
1424 2377 1493 2400 100,

829 2409 932 2444 1,1110
947 2409 1087 2450 judging
1077 2409 1185 2439 from
1207 2410 1321 2440 results
1342 2421 1378 2440 so
1403 2421 1493 2451 mag-

828 2452 961 2482 nificent
993 2453 1057 2482 and
1089 2452 1246 2492 glorioris,
1281 2453 1376 2483 when
1417 2454 1494 2494 they

828 2495 950 2526 looked
967 2506 1056 2536 upon
1074 2496 1129 2527 the
1145 2497 1295 2527 universe
1312 2496 1409 2534 itself,
1429 2499 1493 2527 and

828 2549 915 2579 upon
942 2539 982 2569 its
1007 2545 1105 2579 parm,
1139 2539 1193 2570 the
1218 2540 1289 2581 sky,
1318 2540 1371 2571 the
1399 2541 1493 2571 land>>

1522 523 1541 558 υι

1526 856 1572 879 ΙΟ

1526 1176 1568 1213 Ι5
