1727 2734
215 113 270 153 80
767 123 836 154 No
845 124 901 153 VA
912 122 1058 153 TJANJ

213 219 413 266 amictum,
432 218 566 257 amicti
582 225 787 267 susceptor
802 218 964 255 effectus
981 224 1048 254 est.

1376 122 1488 161 [XXL
1509 121 1616 153 xxn

1100 216 1239 255 merito
1256 230 1303 255 ex
1318 229 1364 255 ea
1384 216 1613 264 substantia,

214 298 316 334 quae
336 292 493 334 recepta
513 291 572 321 est
592 290 635 321 ut
654 284 859 328 lauaretur,
883 282 1005 320 homo
1025 281 1264 332 exprimitur,
1286 281 1341 320 sic
1367 289 1410 320 ut
1437 295 1484 320 ex
1503 281 1616 321 uerbi

213 348 459 395 auctoritate,
479 348 549 398 qui
568 347 675 394 lauit,
698 348 796 385 deus
817 359 902 385 esse
923 354 1172 384 monstretur.

295 415 432 451 XXII.

171 488 190 524 Οἱ

510 414 591 452 Cur
628 421 772 458 autem,
813 411 904 449 licet
946 412 998 449 ad
1039 411 1156 449 aliam
1196 420 1346 462 partem
1387 411 1618 461 disputandi
1637 415 1686 451 22

214 479 398 517 festinare
436 478 656 525 uideamur,
686 477 798 514 illum
837 484 1127 526 praetereamus
1165 478 1272 526 apud
1306 478 1530 527 apostolum
1564 478 1618 514 lo-

214 545 336 582 cum?
391 544 461 592 qui
495 556 576 580 cum
611 543 652 580 in
673 542 811 590 forma
844 543 906 578 dei
935 548 1032 588 esset,
1070 554 1143 578 non
1182 543 1364 591 rapinam
1402 543 1618 579 arbitratus

213 614 268 646 est
294 609 489 658 aequalem
523 620 560 645 se
592 608 656 644 deo
685 619 758 643 esse
771 621 785 652 ,·
824 607 890 642 sed
914 607 1150 654 semetipsum
1183 607 1412 650 exinaniuit,
1440 605 1616 654 formam

213 676 319 712 serui
343 674 534 722 accipiens,
571 673 612 710 in
646 672 898 709 similitudine
929 671 1125 708 hominum
1151 672 1295 719 factus,
1328 676 1364 708 et
1394 672 1528 708 habitu
1561 673 1618 709 in-

214 747 349 778 uentus
370 745 414 776 ut
430 739 560 776 homo:
589 738 816 775 lezcmz‘liazcit
832 750 878 784 se,
895 738 1086 774 oboediens
1092 737 1227 785 factus
1247 750 1360 786 usque
1379 739 1435 774 ad
1451 742 1616 785 mortem,

147 816 193 839 10
214 810 368 842 mortem
398 808 521 840 autem
551 803 670 839 crucis
683 816 694 838 .·
714 806 920 850 propterea
944 806 981 837 et
1003 801 1092 837 deus
1115 802 1225 838 illum
1251 801 1562 849 szsperexaltauit,
1584 806 1621 838 et

213 871 316 907 dedit
334 870 398 906 illi
414 880 545 905 nomen
566 867 667 915 quod
685 871 742 904 est
761 872 876 914 super
899 878 1006 902 omne
1028 877 1158 902 nomen
1171 880 1186 911 ;
1217 871 1263 902 ut
1285 866 1326 901 in
1354 867 1504 903 nomine
1528 867 1618 903 Iesu

212 947 319 971 omne
346 945 446 981 genu
473 932 661 980 flectatur
695 931 904 968 caelestimn
945 930 1183 967 terrestrium
1220 935 1258 966 et
1293 929 1546 978 infernorum,
1584 935 1623 968 et

212 1000 336 1036 omnis
366 999 500 1046 lingua
530 996 762 1045 corfiteatur,
793 997 973 1044 quoniam
1004 996 1180 1032 dominus
1209 997 1317 1033 Iesus
1346 997 1385 1032 in
1411 997 1538 1044 gloria
1566 1001 1620 1033 est

213 1067 275 1103 det
300 1065 445 1114 patris.

505 1063 576 1111 qui
611 1075 693 1099 cum
735 1063 775 1100 in
801 1062 939 1110 forma
980 1063 1044 1099 dei
1079 1066 1176 1108 esset,
1225 1061 1361 1111 inquit.

1425 1061 1456 1099 si
1495 1063 1618 1100 homo

147 1142 189 1180 15
212 1130 493 1169 tantummodo
524 1128 715 1175 Christus,
747 1127 787 1165 in
820 1127 990 1177 imagine
1020 1127 1095 1174 dei,
1128 1140 1209 1165 non
1240 1128 1281 1164 in
1299 1127 1437 1175 forma
1469 1127 1532 1164 dei
1561 1140 1616 1165 re-

212 1198 313 1234 latus
343 1195 489 1233 fuisset.

567 1193 771 1231 hominem
805 1192 910 1231 enim
942 1192 1087 1230 scimus
1116 1193 1167 1230 ad
1196 1192 1420 1242 imaginem,
1452 1205 1533 1231 non
1567 1194 1620 1232 ad

213 1263 381 1299 formam
412 1259 475 1298 dei
504 1261 662 1297 facturn.
722 1257 809 1308 quis
836 1271 929 1308 ergo
958 1265 1017 1296 est
1048 1259 1131 1304 iste,
1161 1257 1228 1307 qui
1255 1259 1295 1295 in
1313 1258 1450 1306 forma
1480 1259 1550 1305 dei,
1577 1265 1620 1297 ut

213 1325 395 1371 diximus,
419 1326 544 1362 factus
574 1331 633 1361 est
662 1324 854 1372 angelus?
911 1323 980 1360 sed
1006 1335 1080 1360 nec
1110 1322 1149 1359 in
1179 1322 1328 1372 angelis
1358 1323 1525 1360 formam
1554 1322 1619 1361 dei

280 1440 295 1460 2
322 1429 367 1460 sic
385 1433 666 1459 ut...monstretur
683 1438 705 1465 ’γ
720 1439 727 1458 :
752 1426 1082 1457 sicut...monstratur
1101 1426 1156 1456 Pa.

214 1486 263 1516 sin
280 1485 382 1516 homo
399 1483 442 1514 al.

259 1587 376 1617 XXII.
424 1585 549 1625 Laslly,
578 1585 618 1615 St
641 1583 757 1614 Paul's
780 1583 881 1613 Μαι-[ι-

216 1632 275 1671 ing
297 1631 332 1660 in
360 1629 509 1668 Philzfp.
541 1628 562 1658 ii
592 1626 693 1658 6—11
731 1631 820 1657 nzust
850 1627 883 1657 be

214 1673 395 1704 turamined.
449 1672 564 1703 Christ
580 1674 608 1701 is
623 1671 659 1701 in
677 1671 728 1701 the
739 1670 834 1711 form
851 1670 891 1710 of

220 1718 297 1754 (Ioci,
317 1716 458 1746 ‘tollet-eas
482 1726 560 1745 man
586 1715 613 1745 is
633 1714 710 1753 only
733 1714 825 1744 made
846 1715 882 1743 in

215 1761 267 1791 tlze
277 1761 381 1799 image
397 1758 436 1799 os
449 1758 524 1789 (jod,
575 1759 627 1788 He
642 1758 702 1787 llas
712 1757 885 1797 prm-eeded

204 1804 300 1845 from
331 1803 384 1833 tlze
414 1802 546 1839 Fadum,
581 1801 617 1830 in
653 1801 705 1831 llze
724 1800 819 1841 form
851 1799 891 1840 of

219 1848 296 1881 Gml,
313 1847 387 1877 that
402 1845 454 1875 He
471 1855 547 1884 may
563 1845 596 1874 bc
616 1844 686 1875 God
698 1843 801 1883 (fall.

269 1891 320 1920 lset
336 1889 388 1920 He
402 1888 462 1918 did
476 1893 530 1918 not
554 1892 560 1903 ⁴
568 1893 670 1927 grasp
686 1892 722 1917 at
741 1886 885 1927 equalily

215 1935 295 1964 witlz
313 1933 367 1963 tlte
388 1930 536 1969 Fatlzcrss
553 1931 791 1969 remembering
813 1930 886 1959 that

217 1978 269 2008 He
298 1977 357 2007 llas
380 1976 444 2006 His
467 1974 608 2015 Sonslzip
630 1975 669 2014 by
687 1973 755 2014 gift
777 1973 817 2014 of
833 1973 885 2003 llze

217 2021 350 2052 Fallzer.
401 2019 452 2049 lle
480 2018 636 2049 rendered
657 2017 706 2047 all
727 2017 886 2047 obedien&

217 2070 247 2095 to
267 2064 320 2094 tlze
339 2063 483 2094 Fatlzer:
505 2061 577 2092 ana'
592 2061 737 2101 accepted
755 2060 884 2090 lzuman

205 2108 336 2150 frailly
346 2107 385 2146 by
393 2107 456 2137 His
467 2105 567 2135 birth.
596 2105 627 2134 T
623 2105 686 2134 hus
695 2103 888 2144 Heemptiezl

218 2150 374 2191 Himscls.
431 2149 508 2179 leis
528 2147 622 2178 could
639 2152 694 2178 not
715 2147 747 2177 be
765 2147 842 2177 said
853 2146 893 2186 of

218 2206 237 2225 a
257 2205 341 2225 mere
358 2203 449 2229 man,
466 2192 536 2222 wlzo
552 2192 662 2222 would
676 2191 709 2221 be
722 2190 882 2227 enriched,

219 2243 274 2268 not
303 2237 452 2277 emptied,
478 2236 516 2275 by
547 2235 598 2265 llze
617 2234 694 2275 fact
723 2234 763 2274 of
785 2233 884 2263 birth.

225 2282 257 2312 T
253 2282 291 2312 [ιε
314 2280 482 2318 authority
502 2277 541 2319 of
560 2278 612 2308 the
633 2277 759 2308 Divine
787 2277 889 2307 [Vord

221 2325 309 2355 siuks
336 2323 429 2364 itscls
438 2328 500 2362 sor
524 2322 577 2351 tlte
601 2321 677 2351 time
705 2321 742 2350 in
770 2320 888 2360 taking·

220 2367 399 2398 Alanlzood.
447 2366 514 2397 His
541 2364 727 2395 immediate
759 2363 890 2393 reward

220 2422 287 2442 was
309 2411 361 2440 tlze
386 2409 495 2440 lVame
515 2408 622 2438 which
639 2408 666 2438 is
682 2407 778 2438 above
793 2417 887 2446 every

270 2465 299 2483 m
319 2478 324 2484 .

221 2465 318 2528 κοὰξ
340 2496 413 2526 The
444 2494 616 2536 quotation
647 2493 749 2534 keeps
785 2492 888 2524 closer

1364 1436 1401 1466 14
1418 1426 1445 1456 si
1461 1425 1562 1456 homo
1579 1437 1619 1456 a:

952 1582 1031 1613 than
1049 1582 1147 1623 Vulg.
1166 1588 1199 1613 to
1222 1582 1277 1613 the
1297 1582 1407 1613 Greek
1427 1583 1460 1613 in
1485 1583 1622 1624 reading

951 1627 987 1656 in
1029 1626 1250 1657 similitudine
1297 1625 1367 1664 (not
1416 1625 1504 1666 zm),
1554 1627 1621 1657 and

951 1670 1211 1710 superexaltamt
1236 1668 1348 1710 (Vulg.
1370 1669 1546 1711 exultauit)
1571 1670 1621 1701 sor

953 1714 1154 1753 ὑπερύψωσε.

1001 1766 1049 1795 17.
1095 1757 1176 1792 quis
1199 1763 1283 1792 ergo
1307 1758 1363 1786 est
1385 1757 1465 1793 iste,
1495 1758 1557 1793 qui
1582 1758 1621 1787 in

951 1801 1064 1830 forma
1087 1800 1155 1834 dei,
1176 1802 1218 1829 ut
1241 1800 1404 1834 diximus,
1424 1801 1541 1830 factus
1564 1802 1620 1831 est

952 1843 1115 1880 angelus]
1162 1845 1169 1857 ‘
1183 1842 1284 1872 What
1300 1842 1396 1882 angel
1413 1842 1440 1873 is
1453 1843 1528 1878 this,
1544 1844 1619 1874 who

952 1897 1020 1916 was
1051 1886 1148 1916 made
1176 1886 1208 1915 in
1238 1886 1293 1916 the
1321 1885 1405 1915 form
1433 1885 1470 1916 of
1498 1885 1618 1917 God?'

954 1930 1026 1960 The
1057 1929 1147 1959 word
1183 1927 1356 1969 ‘angelus'
1389 1929 1416 1959 is
1446 1929 1620 1971 separated

954 1973 1038 2003 srom
1065 1973 1145 2003 ‘iste
1159 1971 1166 1984 ⁷
1189 1973 1314 2012 merely
1331 1971 1381 2002 sor
1404 1972 1460 2003 the
1483 1972 1564 2004 sake
1586 1972 1624 2004 of

953 2016 1120 2056 emphatic
1137 2021 1281 2046 contrast
1299 2015 1379 2045 with
1397 2015 1619 2047 ‘hominem’:

954 2060 1018 2090 and
1036 2059 1091 2090 the
1108 2059 1216 2089 words
1230 2058 1350 2090 ‘sactus
1367 2059 1430 2089 est’
1447 2069 1501 2089 are
1514 2059 1619 2101 appli-

954 2103 1049 2134 eable
1086 2102 1165 2142 only
1203 2102 1236 2132 in
1284 2102 1497 2142 conjunction
1539 2102 1621 2134 with

959 2146 1137 2187 ‘angelus'
1185 2145 1311 2186 Angels
1328 2156 1383 2176 are
1401 2145 1513 2176 ‘made
1527 2144 1548 2182 '3
1574 2146 1619 2177 N.

954 2189 1029 2220 asks
1056 2189 1202 2220 whether
1230 2199 1294 2229 any
1321 2188 1418 2229 angel
1449 2188 1509 2219 has
1536 2189 1620 2220 been

955 2233 1052 2264 made
1086 2243 1128 2263 on
1166 2242 1202 2263 so
1240 2231 1371 2263 exalted
1408 2242 1428 2262 a
1458 2232 1557 2272 plane
1587 2232 1627 2263 of

953 2276 1063 2316 being.

1002 2321 1050 2350 18.
1096 2327 1159 2350 nec
1181 2320 1219 2348 in
1242 2318 1393 2357 angelis]
1418 2321 1494 2349 ‘not
1515 2317 1621 2355 even,’

954 2363 1035 2394 asin
1050 2373 1082 2403 p.
1109 2372 1156 2402 15.
1176 2372 1227 2393 21.
1279 2361 1368 2392 ‘Nisi
1382 2361 1556 2402 quoniam’
1573 2362 1620 2393 in-

956 2407 1109 2437 troduces
1134 2405 1190 2436 the
1213 2404 1321 2435 actual
1353 2405 1428 2440 fact,
1464 2405 1537 2436 ‘but
1566 2405 1622 2437 the

957 2449 1046 2480 truth
1085 2449 1112 2480 is
1149 2448 1241 2479 that’
1281 2454 1343 2479 etc.
1402 2449 1464 2489 Cp.
1505 2459 1539 2479 n.
1578 2459 1622 2479 on

958 2504 989 2534 p.
1011 2491 1063 2532 64.
1086 2502 1133 2532 13.
