1727 2734
116 171 193 210 xv]

119 266 232 302 uerba
259 266 370 314 facta
409 271 507 311 siml,
548 272 583 303 et
620 280 693 303 non
724 271 848 315 poles!
883 267 984 304 salui
1017 267 1230 315 scriptura:
1270 281 1375 315 (laem
1408 275 1527 317 pater

529 173 598 202 DE
631 172 662 202 T
662 172 773 202 lt’lNl
780 172 800 201 'l
806 172 837 202 'A
851 173 911 202 'J'E
944 173 969 202 l,
977 173 1095 202 llv’lz'lt'

1472 171 1520 213 53

116 331 371 379 sczncttficam‘t
383 336 419 368 et
437 332 544 368 misit
562 332 601 368 [71
618 332 718 368 hunc
732 333 916 368 mundum
933 345 1000 369 uos
1014 333 1149 376 dicitis,
1167 334 1259 381 quja
1274 334 1520 382 blasphemas,

117 397 208 444 quia
229 397 339 434 dixi.-
353 396 469 445 filins
488 397 551 433 dee·
567 410 650 434 sum
672 399 757 445 ego?
803 396 947 446 quibus
968 396 1132 435 vocibus
1154 411 1282 447 neque
1304 412 1345 436 se
1366 399 1522 449 negauit

117 459 248 504 deum,
281 458 376 508 quin
416 458 539 496 immo
578 460 697 497 deum
733 472 774 497 se
808 472 893 496 esse
933 459 1112 497 firmauit.

1186 473 1276 498 nam
1313 461 1405 510 quia
1439 461 1522 499 sine

116 522 365 560 dubitatione
397 523 451 561 dii
486 537 571 562 esse
605 523 800 569 dicuntur,
832 524 882 561 ad
913 536 1013 573 quos
1043 525 1164 562 uerba
1194 525 1257 563 dei
1288 527 1388 564 facta
1419 536 1519 574 sunt,
1545 540 1563 578 5

118 589 243 625 multo
278 587 400 638 magis
439 588 503 626 hic
542 589 650 635 (16115,
692 588 758 638 qui
798 588 935 627 melior
974 589 1047 627 illis
1086 590 1272 628 omnibus
1312 591 1519 630 inuenitur.

115 658 153 689 et
175 651 432 690 nihilominus
453 652 739 690 calumniosam
757 652 1045 703 blasphemiam
1068 653 1328 703 dispositione
1349 656 1522 705 legitima

116 724 378 766 congruenter
398 717 597 755 refutauit:
624 718 743 755 deum
761 717 866 755 enim
889 731 929 756 se
951 718 1005 756 sic
1027 718 1198 769 intellegi
1220 721 1314 767 uult,
1335 728 1375 758 ut
1398 721 1519 758 filium

116 782 180 820 dei
215 790 253 821 et
283 796 364 820 non
399 782 528 832 ipsum
563 791 713 833 patrem
750 784 867 821 uellet
901 783 1084 834 intellegi.

1157 786 1313 822 missum
1344 785 1448 823 enim
1481 800 1521 824 se

115 861 200 886 esse
230 848 338 893 dixit,
372 856 408 886 et
440 850 562 885 multa
597 854 709 896 opera
740 861 777 885 se
809 862 855 885 ex
879 854 997 897 patre
1029 851 1228 887 ostendisse
1262 851 1494 889 monstrauit
1510 866 1519 899 3

115 924 162 947 ex
191 923 271 959 quo
299 923 379 947 non
407 918 557 960 patrem
586 923 626 948 se
657 911 726 948 sed
755 910 878 948 filium
909 924 994 948 esse
1022 910 1194 961 intellegi
1225 912 1374 960 uoluit3
1413 920 1450 951 et
1480 913 1519 950 in

116 975 253 1014 ultima
292 983 401 1026 parte
449 975 692 1014 defensionis
732 975 810 1022 filii,
852 989 933 1014 non
973 976 1102 1025 patris,
1145 976 1235 1014 fecit
1275 977 1519 1016 mentionem

114 1040 312 1079 dicendo:
346 1053 413 1077 uos
443 1041 577 1086 dicitis,
619 1041 710 1089 quia
755 1041 1000 1089 blasphemas,
1042 1042 1134 1088 qnia
1172 1041 1278 1078 citivi:
1305 1042 1422 1090 filius
1463 1043 1525 1079 dec·

629 1159 648 1189 9
672 1159 706 1179 se
723 1148 821 1179 uellet
839 1150 920 1179 coni.
945 1149 999 1179 Pa.

158 1253 185 1282 7.
243 1244 471 1280 dispositione
502 1242 677 1281 legitima]
713 1243 720 1257 ⁵
737 1242 780 1282 by

110 1286 164 1317 the
178 1286 244 1326 just
261 1287 414 1327 ordering
431 1285 689 1325 [ofrelations]’:
710 1286 779 1316 that

110 1330 148 1365 is,
172 1332 180 1344 ⁴
192 1330 234 1370 by
247 1341 265 1360 a
279 1335 452 1360 statement
467 1329 502 1359 of
517 1329 571 1360 the
585 1329 651 1369 just
670 1330 778 1360 order-

111 1373 186 1413 ing’
212 1372 250 1403 of
272 1373 427 1404 relations
454 1374 601 1403 between
629 1372 682 1403 the
710 1373 778 1404 Son

112 1417 175 1447 and
194 1416 249 1447 the
265 1417 396 1447 Father.
442 1417 480 1446 In
493 1416 538 1453 iii,
557 1427 586 1456 p.
608 1427 653 1447 10.
670 1417 699 1451 8,
713 1416 777 1446 dis-

109 1461 225 1500 positio
245 1460 382 1490 denotes
404 1460 459 1490 the
483 1460 555 1490 nice
577 1459 778 1499 adjustment

112 1503 149 1533 of
173 1505 332 1534 elements
366 1503 397 1533 in
422 1503 476 1533 the
501 1503 660 1533 universe.
708 1503 780 1533 The

110 1547 212 1584 word,
243 1547 309 1577 and
340 1547 380 1577 its
416 1546 556 1577 kindred
590 1548 679 1583 verb,
714 1546 778 1576 had

110 1590 195 1621 been
218 1590 299 1621 used
324 1591 366 1630 by
390 1590 574 1620 Tertullian
595 1590 626 1619 in
649 1600 667 1619 a
692 1590 778 1620 simi-

111 1634 158 1664 lar
189 1633 373 1664 connexion
405 1639 439 1664 to
467 1633 537 1663 that
566 1633 598 1663 in
623 1633 731 1663 which
756 1635 779 1663 it

111 1687 251 1718 appears
285 1677 372 1714 here,
408 1688 443 1708 as
474 1687 492 1707 a
524 1677 717 1707 translation
748 1676 785 1707 of

111 1722 269 1757 οἰκονομία
286 1721 351 1751 and
369 1731 387 1750 a
403 1730 563 1761 synonym
577 1719 614 1750 os
630 1722 637 1734 ‘
649 1720 779 1760 dispen-

110 1763 216 1795 sati0.'
262 1764 335 1794 The
349 1763 518 1804 following
532 1773 684 1804 passages
696 1763 779 1793 from

110 1808 188 1838 adu.
208 1808 365 1837 Praxean
385 1807 451 1837 will
475 1806 670 1847 sufficiently
690 1807 779 1837 illus-

111 1856 193 1881 trate
211 1851 265 1881 the
282 1851 448 1891 meaning.
497 1851 536 1880 In
553 1851 569 1888 ξ
588 1861 603 1880 2
625 1851 633 1865 ‘
648 1851 780 1881 unicum

109 1894 243 1935 quidem
274 1894 373 1925 deum
411 1894 584 1929 credimus
624 1894 683 1924 sub
718 1894 779 1924 hac

110 1944 220 1968 tamen
252 1937 508 1978 dispensatione,
549 1947 649 1978 quam
685 1947 779 1968 oeco-

111 1981 257 2011 nomiam
281 1981 430 2018 dicimus,
450 1986 485 2011 ut
508 1980 593 2011 unici
616 1980 669 2011 dei
691 1981 731 2011 sit
748 1986 779 2011 et

111 2024 238 2054 filius':
297 2023 520 2054 ‘custodiatur
565 2024 779 2054 oeconomiae

109 2073 362 2104 sacramentum,
375 2077 460 2108 quae
472 2067 630 2097 unitatem
644 2067 676 2097 in
688 2067 778 2097 trini-

111 2116 212 2141 tatem
237 2110 405 2150 disponit.’
452 2111 491 2140 In
515 2111 566 2149 §3
595 2110 779 2151 ‘simplices

111 2160 343 2195 expauescunt,
364 2154 453 2194 quod
475 2154 703 2184 oeconomiam
722 2164 778 2184 nu·

111 2208 237 2228 merum
273 2202 304 2227 et
342 2197 594 2237 dispositionem
626 2197 779 2228 trinitatis

110 2240 308 2271 diuisionem
366 2246 577 2280 praesumunt
631 2240 777 2275 unitatis,

111 2284 243 2325 quando
272 2283 388 2320 unitas
424 2294 462 2314 ex
493 2283 670 2324 semetipsa
697 2283 778 2314 deri-

111 2338 192 2358 uans
219 2327 409 2361 trinitatem,
435 2337 501 2357 non
529 2327 715 2357 destruatur
738 2327 780 2357 ab

110 2371 178 2408 illa,
197 2371 255 2401 sed
271 2370 538 2400 administretur!
575 2373 581 2386 ⁴
595 2370 671 2400 uide
687 2380 776 2410 ergo,

111 2425 153 2445 ne
180 2419 214 2444 tu
239 2413 347 2454 potius
371 2413 597 2444 monarchiam
620 2413 779 2449 destruas,

110 2457 166 2498 qui
183 2456 433 2497 dispositionem
451 2462 481 2487 et
498 2456 777 2497 dispensationem

110 2501 179 2531 eius
207 2500 325 2531 euertis
353 2500 385 2530 in
414 2506 460 2530 tot
489 2500 678 2530 nominibus
702 2510 777 2530 con-

110 2544 270 2581 stitutam,
300 2543 333 2573 in
355 2549 434 2584 quot
457 2543 537 2574 deus
561 2543 691 2574 uoluit.⁷
739 2543 777 2573 In

849 1243 897 1283 §9
924 1242 1023 1273 ‘bene
1040 1243 1127 1283 quod
1146 1248 1177 1273 et
1194 1243 1348 1274 dominus
1365 1254 1440 1275 usus
1458 1244 1519 1276 hoc

849 1286 951 1316 uerbo
975 1286 1032 1324 [sc.
1061 1287 1180 1325 alium]
1205 1287 1237 1316 in
1263 1297 1402 1327 persona
1427 1298 1518 1328 para-

849 1329 924 1360 cleti
941 1340 1007 1359 non
1025 1329 1222 1360 diuisionem
1239 1330 1448 1370 significauit,
1462 1332 1519 1362 sed

848 1372 1119 1413 dispositionem:
1160 1374 1273 1413 νᾳξαίιο
1300 1374 1387 1404 enirn
1413 1375 1519 1415 inquit

842 1421 985 1456 patrem,
1000 1421 1030 1447 et
1044 1417 1149 1446 alium
1163 1417 1169 1430 ’
1186 1422 1249 1447 etc.
1291 1417 1331 1447 In
1348 1418 1364 1454 ξ
1382 1427 1419 1458 19
1437 1422 1443 1434 ⁴
1455 1429 1519 1458 qua

848 1465 941 1500 pater
966 1466 996 1490 et
1021 1459 1116 1497 filius,
1144 1460 1221 1495 duo,
1245 1466 1275 1490 et
1301 1460 1363 1491 hoc
1391 1472 1457 1491 non
1480 1472 1518 1492 ex

849 1503 1055 1543 separatione
1079 1503 1291 1541 substantiae,
1318 1504 1375 1534 sed
1396 1515 1434 1535 ex
1455 1505 1519 1535 dis-

849 1546 1048 1586 positione':
1067 1547 1082 1584 5
1101 1557 1135 1577 21
1158 1547 1390 1588 ‘dispositione
1403 1548 1516 1585 alium,

850 1600 915 1620 non
941 1589 1142 1621 diuisione':
1168 1591 1240 1629 §23
1271 1591 1391 1621 ‘habes
1415 1591 1519 1622 filium

851 1633 882 1662 in
915 1633 1018 1668 terris,
1053 1633 1154 1664 habes
1186 1639 1313 1673 patrem
1345 1634 1377 1664 in
1407 1635 1516 1672 caelis,

850 1687 915 1707 non
933 1682 981 1707 est
997 1677 1161 1717 separatio
1178 1677 1249 1714 ista,
1270 1678 1327 1708 sed
1346 1677 1520 1718 dispositio

850 1719 987 1750 diuina.⁷
1033 1720 1064 1750 A
1085 1720 1182 1760 study
1199 1720 1236 1751 of
1251 1720 1344 1751 these
1367 1732 1520 1762 passages

850 1763 915 1793 will
925 1763 1016 1794 shew
1025 1763 1094 1794 that
1104 1763 1287 1794 Tertullian
1298 1764 1324 1794 is
1335 1765 1519 1806 struggling

850 1813 883 1836 to
901 1817 1033 1847 express
1055 1817 1074 1837 a
1095 1807 1287 1837 distinction
1308 1807 1345 1838 of
1366 1808 1518 1839 relation-

849 1850 940 1890 ships
963 1850 1076 1881 within
1101 1850 1155 1880 the
1177 1850 1270 1891 unity
1287 1850 1324 1881 of
1343 1851 1419 1882 God
1442 1852 1483 1891 by
1501 1863 1520 1882 a

850 1898 932 1923 term
943 1893 1051 1924 which
1063 1893 1145 1923 shall
1157 1899 1212 1924 not
1222 1893 1324 1935 imply
1338 1893 1520 1932 ‘division';

849 1937 914 1967 and
929 1937 972 1967 N.
987 1937 1019 1967 in
1033 1937 1086 1967 the
1101 1942 1230 1977 present
1243 1948 1379 1978 passage
1392 1937 1520 1969 follows

850 1980 928 2011 him.
981 1981 1045 2010 For
1077 1980 1132 2010 the
1156 1981 1316 2018 doctrine,
1346 1991 1400 2012 see
1430 1982 1517 2012 Mar-

849 2030 962 2054 tensen
980 2024 1168 2063 Dogmalics
1184 2034 1238 2064 pp.
1265 2034 1320 2054 102
1340 2024 1407 2055 foll.

893 2077 922 2107 9.
970 2067 1059 2107 John
1077 2078 1095 2096 x
1115 2077 1164 2106 32,
1185 2066 1235 2106 36.

897 2120 944 2140 11.
991 2118 1060 2140 non
1084 2114 1223 2146 patrem
1247 2119 1283 2141 se
1308 2113 1368 2141 sed
1392 2112 1518 2150 filium]

849 2163 884 2184 as
901 2154 1048 2194 opposed
1064 2159 1097 2183 to
1116 2154 1267 2188 Praxeas,
1282 2153 1393 2185 whose
1411 2161 1477 2185 sect
1492 2155 1518 2185 is

848 2196 955 2227 called
977 2197 1019 2237 by
1042 2197 1224 2227 Tertullian
1246 2197 1516 2238 ‘Patripassian⁷:

849 2250 885 2270 so
897 2245 952 2270 too
965 2240 1091 2270 Noetus
1102 2240 1138 2270 of
1147 2239 1287 2280 Smyrna
1299 2241 1414 2281 taught
1426 2241 1516 2279 (circ.

850 2291 925 2313 A.D.
953 2284 1037 2320 200).
1090 2283 1183 2314 Even
1212 2283 1367 2314 Callistus
1392 2285 1419 2314 is
1447 2285 1514 2315 said

848 2332 882 2357 to
914 2327 997 2357 have
1029 2327 1142 2367 taught
1180 2326 1249 2357 that
1291 2327 1363 2358 ‘the
1396 2328 1517 2359 Father

847 2370 985 2400 suffered
1025 2370 1104 2401 with
1143 2370 1198 2401 the
1238 2369 1325 2402 Son'
1359 2371 1516 2412 (Hippoi.

847 2414 1143 2454 th‘losoplzumena
1172 2414 1203 2444 ix
1232 2423 1279 2449 11,
1301 2413 1362 2454 12),
1389 2415 1447 2445 but
1476 2415 1517 2445 he

846 2456 1154 2488 excommunicated
1211 2457 1386 2495 Sabellius,
1450 2458 1516 2488 and

847 2511 951 2531 seems
995 2506 1028 2530 to
1066 2500 1150 2531 have
1186 2501 1270 2532 been
1307 2501 1428 2542 feeling
1466 2502 1517 2532 his

847 2554 919 2584 way
935 2543 1077 2575 towards
1095 2543 1223 2574 Nicene
1240 2544 1460 2585 Christology.

1546 871 1593 894 10
