1727 2734
178 517 197 554 5

154 846 199 869 10

155 1168 198 1205 15

225 150 278 191 50
776 152 1065 184 NOVATIANI
1545 153 1624 192 [XV

222 247 299 285 deo
334 246 503 290 iunctus,
537 253 575 283 et
614 246 712 283 deus
756 259 847 284 cum
891 245 1053 283 homine
1096 247 1313 295 copulatus.
1373 246 1443 284 sed
1476 245 1626 284 idcirco

221 324 328 349 nunc
355 310 419 348 hic
445 309 626 349 Christus
647 309 687 348 in
715 323 835 348 unam
862 318 1014 360 partem
1042 310 1162 348 solius
1190 309 1408 348 diuinitatis
1431 309 1622 356 incubuit,

222 376 411 427 quoniam
455 375 624 413 caecitas
668 375 833 414 Iudaica
870 377 995 414 solam
1033 376 1073 413 in
1113 375 1271 415 Christo
1309 383 1460 426 partem
1498 365 1625 414 carnis

220 440 380 491 aspexit,
413 448 451 479 et
479 439 573 478 inde
602 440 641 478 in
672 440 867 490 praesenti
896 442 996 487 loco,
1028 440 1184 479 silentio
1214 441 1423 490 praeterita
1450 440 1626 491 corporis

220 506 425 556 fragilitate
447 518 548 555 quae
569 506 619 544 de
640 507 793 544 mundo
813 513 883 552 est,
901 507 951 544 de
967 519 1037 544 sua
1053 507 1136 544 sola
1151 505 1357 544 diuinitate
1377 507 1533 544 locutus
1553 513 1623 552 est,

221 584 323 621 quae
351 572 401 609 de
429 571 582 608 mundo
602 583 684 608 non
712 579 793 609 est:
828 579 871 609 ut
898 571 938 608 in
965 579 1159 621 quantum
1183 570 1238 609 illi
1264 570 1563 618 inclinauerant‚
1583 577 1626 609 ut

220 636 424 673 hominem
446 633 556 671 illurn
576 635 856 673 tantummodo
877 636 1092 682 crederent,
1111 635 1151 672 in
1172 641 1325 672 tanturn
1342 633 1429 672 illos
1445 633 1626 673 Christus

220 708 354 749 posset
374 700 425 738 ad
446 699 696 737 diuinitatem
718 712 830 737 suam
851 700 1182 739 considerandam
1204 701 1367 747 trahere,
1385 707 1427 738 ut
1448 713 1488 738 re
1503 701 1625 738 deum

221 765 437 810 crederent,
453 766 593 802 uolens
609 763 765 802 illorum
783 763 1099 804 incredulitatem
1116 765 1218 804 circa
1234 765 1484 804 diuinitatem
1500 778 1624 812 suam,

221 830 367 868 omissa
386 829 542 868 interim
564 829 944 869 commemoratione
971 830 1084 869 sortis
1111 832 1320 878 humanae,
1343 830 1464 869 solius
1487 829 1627 868 diuini-

221 895 310 933 tatis
333 895 586 946 oppositione
608 908 801 945 superare.

303 961 343 999 Si
370 961 492 998 homo
521 960 801 998 tantummodo
830 960 1021 1008 Christus,
1045 963 1251 1010 quomodo
1275 961 1393 1000 dicit:
1419 975 1478 1010 ego
1497 975 1544 999 ex
1562 963 1628 999 deo

213 1026 352 1075 prodii
366 1031 402 1062 et
420 1026 517 1073 neni,
537 1039 628 1064 curn
646 1033 800 1064 constet
820 1025 1025 1064 hominem
1047 1040 1070 1064 a
1091 1028 1167 1065 deo
1188 1028 1336 1065 factum
1357 1039 1453 1074 esse,
1476 1039 1559 1064 non
1580 1039 1626 1064 ex

222 1091 299 1129 deo
316 1090 584 1141 processisse?
623 1104 668 1129 ex
690 1091 766 1128 deo
787 1099 919 1129 autern
942 1092 1064 1129 homo
1081 1104 1161 1141 quo
1182 1092 1304 1130 modo
1320 1104 1401 1129 non
1422 1092 1624 1141 processit,

223 1156 278 1194 sic
309 1156 373 1194 dei
408 1156 575 1194 uerbum
606 1155 820 1206 processit,-
856 1158 905 1194 de
935 1169 1016 1206 quo
1051 1156 1202 1195 dictum
1232 1164 1313 1194 est:
1352 1158 1543 1194 eructam't
1567 1168 1631 1193 cor

223 1235 346 1258 meum
377 1222 533 1258 uerbum
563 1222 712 1259 bonum.
772 1221 880 1270 quod
912 1221 1102 1270 quoniam
1134 1235 1180 1259 ex
1210 1222 1287 1259 deo
1316 1229 1386 1267 est,
1419 1221 1560 1259 merito
1590 1227 1629 1259 et

222 1289 331 1336 apud
346 1289 455 1324 deum
475 1295 556 1325 est:
589 1287 790 1336 quodque,
813 1286 906 1336 quia
927 1300 1008 1324 non
1030 1286 1156 1325 otiose
1177 1288 1374 1336 prolatum
1395 1294 1463 1333 est,
1488 1286 1629 1325 merito

223 1353 358 1390 omnia
374 1351 467 1390 facit
477 1366 486 1399 3
512 1353 640 1389 omnia
657 1351 763 1389 enim
776 1359 851 1400 per
865 1352 990 1401 ipsum
999 1352 1112 1400 facta
1128 1358 1229 1399 sunl,
1247 1358 1282 1389 et
1294 1353 1376 1390 sine
1388 1353 1466 1401 ipso
1474 1353 1627 1401 factum

222 1424 278 1455 est
302 1418 410 1455 nz'lzz'l.
470 1418 541 1455 sed
562 1416 667 1455 enim
695 1418 772 1455 hoc
800 1417 978 1464 uerbum,
1002 1431 1071 1467 per
1100 1418 1209 1467 quod
1234 1418 1335 1455 facta
1362 1424 1453 1455 sunt
1479 1416 1625 1464 omnia,

161 1503 170 1509 ,
225 1481 340 1535 [deus
361 1480 449 1534 est].
490 1488 527 1520 et
543 1484 643 1529 deus,
666 1482 806 1532 inquit,
827 1489 915 1520 erat
931 1485 1097 1521 uerbum.
1139 1484 1238 1522 deus
1259 1497 1350 1533 ergo
1371 1482 1561 1533 processit
1582 1495 1629 1520 ex

733 1584 772 1604 20
796 1573 876 1605 deus
892 1579 940 1605 est
957 1574 1054 1605 inser.
1071 1574 1123 1615 Ja.

228 1659 278 1699 Bp
315 1658 414 1693 Gore,
451 1657 616 1698 Bampton
655 1658 815 1695 Lectnres,
856 1657 899 1693 iv,

228 1702 372 1735 Liddon,
395 1701 561 1741 Bamplon
581 1701 742 1736 Lertures,
761 1699 801 1730 v8
824 1700 896 1738 262,

230 1744 301 1785 263,
332 1745 465 1779 Mason,
494 1744 593 1774 Fastlz
623 1743 730 1784 ofllze
759 1742 899 1784 Gospel2,

228 1799 285 1829 pp.
310 1798 476 1827 131——140
495 1788 538 1823 (τ’.
562 1787 688 1817 Introd.
710 1788 725 1824 ξ
745 1797 760 1825 5
779 1787 836 1823 iii).

276 1842 303 1861 2.
355 1830 483 1861 ‘Christ
515 1830 574 1861 has
603 1831 634 1860 in
668 1831 732 1861 this
765 1841 901 1871 passage

231 1875 294 1905 laid
314 1880 411 1904 stress
427 1884 516 1915 upon
535 1874 590 1904 the
607 1884 669 1904 one
686 1874 765 1911 side,
781 1874 850 1904 that
868 1873 905 1904 of

233 1919 296 1948 His
315 1917 465 1958 Divinity
481 1917 647 1948 alone....⁷

280 1972 328 1992 10.
379 1962 386 1975 ‘
397 1961 601 2000 Forbearing
617 1960 667 1990 for
682 1960 738 1991 the
754 1966 902 1991 moment

232 2012 265 2036 to
294 2004 441 2035 mention
469 2004 532 2034 His
559 2004 696 2034 numan
724 2010 836 2041 estate,
868 2010 902 2034 to

231 2058 404 2078 overcome
433 2047 517 2078 their
544 2047 693 2077 unbelief
713 2047 757 2088 by
783 2047 904 2087 simply

232 2092 353 2132 setting
365 2091 492 2130 against
509 2091 533 2121 it
553 2091 616 2120 His
630 2090 804 2131 Divinity.'
838 2091 903 2121 For

235 2135 384 2166 ‘interim
397 2133 404 2146 '
422 2144 471 2175 cp.
495 2134 537 2164 xii
558 2144 593 2173 23
608 2144 638 2164 n.

282 2189 328 2209 12.
373 2178 424 2218 J0.
450 2177 506 2207 viii
529 2188 567 2217 42
598 2178 662 2215 ἐγὼ
689 2178 724 2207 ἐκ
750 2178 806 2207 τοῦ
831 2178 903 2207 θεοῦ

234 2223 367 2259 ἐξῆλθον
395 2223 447 2251 καὶ
479 2221 552 2258 ἥκω,
577 2221 686 2251 where
715 2221 814 2260 Vulg.
844 2220 902 2251 has

237 2271 244 2280 ·
258 2265 401 2305 processi
419 2270 450 2295 et
468 2264 581 2294 ueni’:
604 2264 656 2305 Jo.
681 2264 732 2293 xvi
755 2266 793 2294 28
815 2265 901 2301 ἐξῆλ·

236 2311 290 2339 θον
307 2310 341 2338 ἐκ
358 2309 413 2337 τοῦ
430 2308 547 2346 πατρὸς
565 2309 615 2336 καὶ
634 2308 775 2344 ἐλήλυθα
792 2308 834 2338 εἰς
850 2306 903 2337 τὸν

236 2353 365 2388 κόσμον,
394 2351 502 2381 where
529 2350 627 2391 Vulg.
653 2350 712 2381 has
741 2350 846 2381 ‘exiui
872 2356 903 2381 et

234 2394 346 2425 ueni⁷:
392 2405 434 2424 on
479 2393 586 2424 which
624 2404 654 2423 τ’.
697 2394 902 2424 westcott-

237 2438 378 2478 ‘issuing
404 2437 489 2467 forth
522 2437 604 2467 from
637 2437 691 2468 the
724 2437 846 2467 Father
868 2447 903 2467 as

234 2482 290 2512 the
320 2481 432 2521 spring
467 2480 503 2510 of
531 2481 656 2520 Deity.’
701 2480 846 2520 Jackson
878 2481 903 2511 is

235 2535 349 2564 wrong
382 2524 414 2554 in
454 2523 504 2554 his
539 2523 706 2561 criticism,
746 2523 815 2554 that
848 2523 903 2555 the

960 1658 1093 1695 ἐξῆλθον
1120 1657 1218 1688 refers
1237 1662 1271 1688 to
1296 1657 1351 1688 the
1377 1658 1494 1688 ‘Verbi
1518 1657 1631 1688 missio

960 1701 994 1731 in
1016 1700 1200 1738 mundum,⁷
1218 1701 1281 1731 and
1299 1708 1357 1731 not
1375 1702 1423 1739 (as
1440 1701 1484 1731 N.
1502 1701 1628 1741 thinks)

961 1750 995 1774 to
1019 1744 1074 1775 the
1104 1744 1221 1775 ‘Verbi
1246 1745 1414 1785 generatio
1437 1750 1513 1775 ante
1537 1755 1629 1775 mun-

960 1787 1074 1818 dum’:
1092 1787 1147 1818 the
1165 1791 1335 1818 ‘entrance
1351 1788 1421 1818 into
1438 1788 1493 1818 the
1509 1788 1629 1818 world'

961 1830 1004 1870 by
1034 1831 1244 1861 Incarnation
1271 1831 1298 1861 is
1324 1831 1476 1871 signified
1501 1831 1544 1871 by
1574 1831 1631 1862 the

961 1874 1028 1910 ἥκω
1052 1874 1116 1904 and
1141 1875 1283 1911 ἐλήλυθα
1305 1874 1338 1904 in
1360 1874 1453 1905 those
1475 1885 1631 1915 passages

962 1918 1187 1958 respectively.
1239 1918 1336 1947 Mark
1354 1918 1409 1948 the
1428 1917 1549 1948 careful
1565 1918 1629 1948 dis—

963 1960 1100 1991 tinction
1119 1961 1155 1990 of
1173 1967 1289 1991 ternis:
1320 1961 1455 1991 ‘facturn
1479 1961 1563 1992 esse’
1587 1972 1630 1992 on

967 2015 1030 2034 one
1057 2004 1137 2041 side,
1171 2006 1299 2034 ‘natum
1325 2015 1405 2042 esse,
1440 2005 1629 2045 procedere,

963 2048 1126 2088 prolatum
1153 2047 1238 2078 esse⁷
1264 2058 1306 2077 on
1333 2048 1388 2078 the
1416 2048 1520 2079 other.
1568 2048 1630 2079 See

965 2091 1090 2121 Introd.
1112 2092 1128 2129 ἕ
1146 2102 1174 2131 3,
1196 2102 1227 2131 p.
1246 2091 1333 2121 xxxi.

1011 2133 1059 2165 16.
1106 2137 1198 2171 quod
1239 2134 1338 2165 refers
1377 2140 1411 2165 to
1451 2135 1630 2165 ‘Verbum'

964 2177 1043 2207 with
1061 2188 1079 2207 a
1097 2178 1260 2208 reference
1277 2183 1310 2208 to
1325 2178 1414 2218 John
1432 2178 1441 2208 i
1463 2189 1474 2208 1
1496 2175 1532 2215 ἦν
1555 2179 1632 2216 πρὸς

963 2232 992 2250 τ.
1012 2222 1038 2250 θ.

1012 2274 1057 2302 ι7.
1109 2265 1200 2294 ‘And
1218 2264 1325 2295 which
1343 2264 1431 2295 since
1449 2265 1471 2295 it
1491 2275 1555 2295 was
1572 2271 1629 2295 not

964 2307 1091 2338 uttered
1116 2307 1254 2338 without
1283 2307 1387 2342 effect,
1419 2308 1631 2349 accordingly

963 2351 1077 2381 makes
1095 2350 1137 2381 all
1155 2349 1289 2391 things.'
1323 2354 1328 2366 ⁶
1343 2351 1420 2381 Non
1438 2350 1568 2389 otiose‚’
1584 2362 1628 2382 sc.

968 2395 1050 2424 ‘non
1085 2399 1120 2424 ut
1153 2394 1233 2424 nihil
1267 2401 1388 2434 ageret,
1419 2395 1475 2425 sed
1504 2400 1538 2426 ut
1573 2405 1631 2436 per

963 2437 1070 2477 ipsum
1086 2437 1228 2467 mundus
1242 2437 1330 2468 fieret
1341 2436 1348 2450 ²
1361 2436 1531 2478 (Jackson)
1545 2451 1552 2469 z
1579 2448 1631 2479 cp.

963 2480 1247 2521 AthenagLLgaA
1266 2491 1297 2521 p.
1311 2490 1350 2522 39
1365 2482 1505 2521 ἐνεργείᾳ
1518 2483 1630 2521 προελ-

964 2525 1040 2554 θεῖν.
