1727 2734
224 131 280 181 76
781 139 849 170 No
859 139 915 170 VA
925 140 1005 169 TJA
1010 139 1072 170 NJ

305 238 417 274 XXI.

1526 139 1624 178 [XXI

477 237 528 273 Et
558 242 734 284 poteram
766 232 928 282 quidem
958 232 1138 271 omnium
1177 232 1455 282 scripturarum
1485 234 1627 272 caeles·
1646 236 1692 273 21

224 302 322 340 tium
362 299 575 339 euentilare
614 306 811 343 tractatu5‚
848 305 886 335 et
924 297 1125 347 ingentem
1164 299 1267 335 circa
1304 297 1418 335 istam
1453 298 1626 348 speciem

225 367 372 408 Christi
406 364 636 408 diuinitatis,
676 371 719 401 ut
756 363 810 400 ita
848 362 1023 408 dixerim,
1056 362 1195 400 siluam
1230 376 1507 401 commouere:
1552 363 1627 401 nisi

225 432 414 483 quoniam
442 444 523 469 non
550 438 631 468 tam
656 429 752 467 mihi
777 436 915 467 contra
941 430 1043 466 hanc
1070 427 1262 466 haeresim
1292 428 1539 478 propositum
1569 435 1628 467 est

183 509 203 547 5
225 497 366 544 dicere,
390 509 510 546 quam
530 495 700 533 breuiter
724 493 827 532 circa
853 506 1063 543 personam
1086 492 1231 532 Christi
1258 494 1432 543 regulam
1453 493 1628 532 ueritatis

224 561 385 612 aperire.

445 559 627 610 quamuis
657 567 790 597 tamen
819 559 870 596 ad
899 557 975 596 alia
1004 557 1197 603 festinem,
1227 557 1324 595 illud
1353 570 1434 595 non
1463 557 1629 596 arbitror

225 626 630 677 praetermittendum,
662 625 772 674 quod
802 623 841 661 in
871 623 1078 673 euangelio
1108 622 1294 660 dominus
1327 624 1379 661 ad
1411 622 1628 672 significan-

225 692 320 731 tiam
341 705 434 730 suae
459 689 673 728 maiestatis
700 689 888 738 expressit
913 687 1108 726 dicendo:
1143 688 1276 724 soluite
1299 688 1475 736 templum
1500 688 1574 734 lzoc,
1597 692 1633 724 et

225 770 287 806 ego
311 757 351 794 in
379 757 506 793 triduo
534 754 717 792 suscitabo
746 754 868 800 2'llud3
897 760 965 790 aut
995 752 1156 801 quando
1188 751 1227 789 in
1257 751 1335 790 alio
1365 753 1454 790 loco
1483 759 1522 789 et
1553 752 1629 790 alia

161 837 206 862 10
226 829 335 871 parte
366 819 616 870 pronuntiat:
646 823 868 868 potestatem
903 817 1018 854 habeo
1050 818 1223 854 animam
1260 830 1379 854 meam
1399 817 1572 865 ponendi
1595 821 1634 854 et

228 898 365 923 rursus
393 885 550 933 reczpere
575 897 657 921 eam
671 900 684 921 .·
713 884 779 920 lzoc
799 883 897 920 enim
927 883 1152 919 mandalum
1176 883 1339 930 accepia
1356 887 1481 931 patre.

1541 881 1630 932 quis

227 958 285 989 est
305 949 422 995 enim,
447 948 513 999 qui
534 948 630 987 dicit
650 947 823 985 animam
845 960 956 985 suam
977 960 1019 985 se
1045 960 1162 996 posse
1189 959 1336 996 ponere
1362 954 1429 984 aut
1455 946 1630 984 animam

227 1028 338 1053 suam
360 1028 477 1064 posse
493 1028 534 1052 se
550 1027 702 1051 rursum
723 1026 963 1062 recuperare,
987 1012 1078 1062 quia
1094 1013 1171 1049 hoc
1188 1013 1419 1049 mandatum
1435 1011 1631 1062 acceperit

227 1096 249 1120 a
288 1083 425 1131 patre?

485 1088 552 1117 aut
590 1079 677 1129 quis
716 1078 811 1117 dicit
849 1079 1093 1117 destructum
1127 1076 1302 1126 corporis
1340 1076 1399 1114 sui
1438 1079 1631 1126 templum

162 1158 206 1196 15
228 1147 458 1187 resuscitare
478 1159 630 1183 rursum
652 1153 689 1183 et
706 1144 956 1183 reaedificare
973 1156 1014 1181 se
1031 1143 1176 1192 posse?
1206 1141 1280 1180 nisi
1296 1141 1484 1192 quoniam
1502 1155 1631 1180 sermo

229 1214 304 1261 ille,
328 1212 395 1262 qui
415 1225 462 1249 ex
473 1217 601 1260 βαῖνε,
624 1210 691 1260 qui
711 1211 819 1259 apud
826 1214 991 1258 patrem,
1008 1214 1087 1256 per
1109 1220 1217 1256 quem
1232 1209 1347 1256 facta
1373 1213 1465 1245 sunt
1487 1210 1628 1255 omnia,

228 1283 262 1315 et
280 1279 360 1315 sine
378 1289 451 1325 quo
467 1276 619 1325 factum
640 1280 693 1311 est
710 1274 821 1320 nillil,
845 1272 1017 1310 imitator
1044 1279 1296 1321 paternorum
1324 1285 1487 1321 operum
1513 1280 1633 1322 atque

230 1392 416 1431 something
435 1391 527 1421 other
547 1391 629 1420 than
654 1389 822 1428 Himself:
846 1389 897 1419 zle.

231 1437 284 1466 Hc
306 1436 370 1475 (the
398 1435 508 1472 lVord)
527 1434 555 1464 is
572 1439 628 1464 not
643 1444 720 1462 man
738 1433 823 1470 only,
843 1432 900 1462 but

231 1490 335 1510 wears
351 1479 403 1509 tlzc
418 1484 544 1508 vestare
560 1477 793 1518 ‹fflzumczm'tym
819 1475 904 1506 And

230 1533 262 1553 so
294 1523 372 1553 Gen.
407 1521 474 1551 xlix
507 1531 539 1551 11
573 1522 601 1550 is
634 1520 816 1559 mystically
846 1530 898 1549 ex-

226 1566 372 1607 plained.

280 1621 306 1640 1.
359 1609 395 1639 ‘I
422 1607 527 1647 might
563 1607 682 1637 indeed
711 1616 788 1645 very
825 1604 899 1635 well

233 1652 376 1683 winnow
406 1653 460 1682 the
487 1656 681 1681 statements
707 1649 744 1680 of
770 1649 813 1679 all
845 1648 900 1679 the

231 1696 393 1736 heavenly
418 1694 613 1735 Scriptures,
638 1693 714 1729 ancl,
738 1693 765 1723 if
787 1693 800 1722 Ι
826 1702 901 1731 may

231 1750 268 1770 so
299 1750 367 1779 say,
397 1739 453 1769 stir
481 1748 500 1767 a
529 1737 634 1767 whole
662 1736 760 1767 forest
790 1736 822 1765 in
847 1736 902 1766 the

232 1788 352 1813 matter
375 1782 412 1812 of
427 1782 498 1812 that
522 1781 675 1821 question
705 1780 742 1809 of
763 1778 902 1810 Christ’s

234 1825 410 1865 Divinity.'
458 1825 523 1855 For
543 1823 722 1854 eumtilare
737 1833 787 1863 cp.
809 1822 900 1852 Tert.

230 1869 268 1899 dc
290 1870 385 1909 Fuga
410 1879 418 1899 1
444 1868 536 1908 ‘pala
562 1867 628 1904 illa,
649 1876 734 1907 quae
756 1871 787 1896 et
814 1875 900 1895 nunc

233 1913 436 1943 dominicam
489 1921 600 1941 aream
647 1916 900 1951 purgat‚...con-

231 1956 339 1986 fusum
356 1965 508 1986 aceruum
532 1953 677 1984 fidelium
695 1950 902 1983 euentilans.'

234 2000 307 2030 The
340 1999 413 2029 idea
445 1997 482 2028 of
517 1997 719 2036 winnowing
754 2002 902 2035 suggests

235 2043 306 2074 that
320 2042 358 2073 of
382 2042 531 2081 ‘stirring
554 2051 597 2081 up
615 2051 633 2070 a
649 2040 761 2080 heap‚⁷
780 2039 835 2069 i.e.
857 2038 901 2077 (in

232 2087 298 2118 this
323 2085 409 2124 case)
444 2084 575 2124 ‘sifting
603 2084 658 2114 the
687 2082 841 2122 teaching
869 2081 906 2111 of

233 2140 332 2170 many
349 2128 468 2160 texts':
491 2129 579 2158 silua
602 2126 763 2166 denoting
781 2125 902 2165 simply

235 2177 275 2203 ‘a
296 2172 451 2203 crowded
475 2169 586 2202 mass.'
634 2171 699 2200 For
720 2171 808 2200 silua
828 2169 860 2198 in
883 2179 901 2198 a

232 2217 365 2256 literary
381 2226 475 2246 sense
499 2225 551 2256 cp.
570 2212 703 2245 Statius’
727 2211 901 2243 collection

233 2260 270 2291 of
293 2269 410 2300 poems
435 2258 540 2289 called
566 2258 687 2294 Siluae,
716 2256 781 2286 and
812 2255 899 2285 Lord

234 2303 375 2334 Bacon's
382 2302 482 2342 Sylva
489 2302 670 2341 Sylvarum
684 2302 715 2337 (a
727 2299 902 2330 collection

233 2347 270 2377 os
298 2346 426 2376 natural
460 2342 692 2386 phenomena).
752 2343 783 2373 A
815 2342 902 2373 close

232 2389 369 2430 parallel
382 2389 407 2419 is
420 2388 595 2419 Tert.adu.
613 2388 718 2417 Prax.
728 2397 768 2416 xx
781 2388 902 2426 ‘pauca

232 2443 317 2474 quae
334 2432 366 2463 in
383 2432 466 2462 silua
483 2431 621 2462 inueniri
635 2428 905 2471 possunt.'oftl1e

234 2479 241 2493 ⁸
254 2476 353 2506 forest
366 2475 372 2487 '
391 2475 427 2505 of
441 2475 608 2515 Scripture
625 2474 709 2503 from
723 2472 829 2503 which
849 2471 904 2502 the

232 2519 373 2550 heretics
390 2518 467 2559 piel<
485 2524 551 2548 two
568 2528 605 2547 or
621 2516 712 2547 three
729 2521 825 2546 texts.

1012 1397 1042 1417 α.
1088 1389 1195 1417 istam
1220 1388 1385 1426 speciem]
1432 1388 1463 1419 It
1493 1388 1520 1419 is
1551 1388 1633 1419 diffi-

968 1430 1034 1461 cult
1053 1436 1086 1461 to
1103 1430 1212 1461 define
1229 1431 1284 1461 the
1305 1441 1399 1462 sense
1420 1431 1459 1462 of
1479 1431 1634 1472 ‘species’

969 1475 1059 1504 here.
1107 1474 1147 1504 In
1176 1474 1273 1504 Latin
1298 1475 1498 1516 philosophy
1524 1476 1637 1516 species

970 1517 1083 1548 stands
1108 1518 1156 1547 sor
1177 1517 1233 1547 the
1251 1517 1399 1548 Platonic
1420 1518 1545 1549 ‘idea'z
1570 1529 1634 1559 e.g.

971 1561 1041 1592 Cic.
1062 1561 1163 1591 Acad.
1186 1561 1194 1590 i
1214 1570 1254 1600 30
1278 1561 1377 1591 ‘hanc
1399 1561 1447 1591 illi
1470 1562 1555 1592 ἰδέαν
1577 1573 1633 1602 ap-

970 1604 1107 1644 pellant,
1128 1604 1193 1634 iam
1214 1615 1233 1634 a
1256 1604 1394 1635 Platone
1418 1605 1463 1635 ita
1486 1605 1635 1636 nomina-

970 1653 1049 1682 tam,
1082 1658 1141 1677 nos
1173 1653 1259 1678 recte
1290 1647 1433 1688 speciem
1462 1659 1635 1689 possumus

968 1690 1100 1721 dicere.'
1134 1690 1225 1720 Thus
1243 1691 1297 1721 the
1311 1691 1401 1721 word
1416 1691 1521 1732 might
1538 1702 1635 1722 mean

973 1733 1126 1769 ‘notion‚'
1149 1733 1286 1769 ‘helien'
1305 1734 1426 1765 ‘view.'
1458 1735 1523 1766 But
1540 1736 1563 1766 it
1577 1736 1636 1766 has

971 1778 1040 1808 also
1066 1788 1084 1807 a
1113 1777 1198 1818 legal
1232 1788 1335 1812 sense,
1365 1788 1383 1807 a
1414 1779 1504 1809 ‘case
1532 1784 1566 1810 to
1596 1779 1636 1810 be

970 1820 1127 1861 argued';
1152 1831 1186 1851 as
1203 1821 1235 1850 in
1256 1821 1337 1851 Plin.
1354 1822 1421 1861 Ep.
1437 1829 1459 1851 x
1477 1821 1518 1862 64
1540 1822 1636 1853 ‘haec

971 1874 1104 1905 quoque
1139 1865 1265 1904 species
1302 1864 1416 1895 incidit
1456 1865 1489 1895 in
1525 1866 1636 1905 cogni-

971 1908 1093 1938 tionem
1113 1907 1255 1937 meam':
1275 1908 1339 1937 and
1354 1908 1457 1938 hence
1469 1919 1518 1939 we
1531 1909 1637 1949 might

971 1951 1102 1992 explain
1129 1951 1152 1980 it
1182 1950 1258 1980 here
1286 1961 1321 1981 as
1345 1962 1363 1981 a
1389 1952 1575 1992 ‘question'
1603 1952 1641 1982 of

971 1994 1119 2025 doctrine
1136 2000 1169 2024 to
1187 1993 1227 2024 be
1244 1994 1423 2025 discussed.

1016 2040 1044 2068 8.
1091 2037 1145 2078 Jo.
1170 2037 1191 2067 ii
1223 2046 1257 2077 19
1282 2038 1380 2078 Vulg.
1409 2039 1455 2069 ‘et
1482 2038 1515 2068 in
1534 2039 1638 2070 tribus

971 2080 1087 2111 diebus
1109 2080 1261 2111 excitabo
1288 2079 1403 2111 illud':
1429 2082 1494 2112 and
1518 2081 1637 2118 beIOW,

968 2125 1022 2165 Jo.
1048 2135 1066 2154 x
1097 2125 1132 2154 18
1160 2124 1258 2164 Vulg.
1291 2125 1507 2164 ‘potestatem
1530 2125 1639 2156 habeo

973 2167 1118 2208 ponendi
1149 2177 1222 2197 eam
1249 2172 1279 2198 et
1310 2173 1504 2208 potestatem
1530 2168 1638 2200 habeo

972 2211 1089 2242 iterum
1113 2210 1263 2241 sumendi
1288 2210 1387 2241 eam.'

1020 2264 1066 2293 15.
1117 2261 1230 2284 sermo
1267 2254 1342 2292 isse]
1393 2254 1419 2285 is
1457 2254 1556 2285 taken
1594 2266 1640 2297 up

971 2297 1090 2333 below,
1113 2296 1196 2328 aster
1218 2297 1272 2328 the
1295 2297 1478 2338 qualifying
1500 2298 1639 2335 clauses,

972 2341 1015 2381 by
1039 2341 1091 2371 hic
1119 2340 1269 2371 Christus
1294 2340 1358 2380 (77.
1376 2339 1421 2378 6).

1021 2383 1069 2414 16.
1115 2384 1166 2424 Jo.
1188 2383 1197 2413 i
1219 2393 1249 2423 3.

1022 2435 1069 2467 17.
1119 2428 1281 2457 imitator
1304 2429 1532 2464 paternorum
1559 2437 1638 2466 ope-

973 2470 1068 2509 rum]
1089 2471 1142 2511 Jo.
1162 2481 1182 2500 v
1204 2480 1240 2511 19
1254 2469 1323 2500 soll.
