1727 2734
249 123 261 152 1
280 123 328 153 10
795 126 838 157 N
838 127 865 157 O
874 126 930 156 VA
941 126 973 156 Τ
970 126 1021 156 [Α
1026 126 1088 156 Nl
1506 128 1641 167 [XXIX

238 220 398 258 decreta
418 219 539 269 ipsius
561 218 719 257 discunt
746 233 787 257 se
809 220 1059 258 moderanter
1085 227 1312 270 temperare.
1372 220 1435 259 hic
1455 229 1515 259 est
1534 220 1640 260 enim

239 283 308 334 qui
330 289 461 322 contra
487 297 638 321 carnem
667 284 860 330 desiderat,
893 284 986 334 quia
1013 298 1100 322 caro
1128 290 1258 322 contra
1287 286 1411 333 ignum
1441 292 1639 335 repugnat.

240 350 304 389 hic
331 358 389 388 est
417 349 484 399 qui
510 349 765 399 inexplebiles
793 350 1030 400 cupiditates
1060 358 1225 397 coercet,
1249 350 1530 389 immoderatas
1558 350 1643 389 libi-

240 415 353 454 dines
392 415 542 464 frangit‚
584 414 740 453 illicitos
779 416 938 454 ardores
972 415 1193 465 exstinguit,
1229 418 1436 466 flagrantes
1470 417 1641 467 impetus

195 485 215 522 5
239 480 372 527 uincit,
407 479 615 518 ebrietates
650 479 769 526 reicit,
803 480 985 518 auaritias
1014 480 1176 530 repellit,
1213 481 1429 519 luxuriosas
1459 481 1643 519 comissa-

238 547 366 584 tiones
406 547 524 596 fugat,
561 545 741 583 caritates
787 545 919 589 nectit,
959 545 1188 584 affectiones
1232 546 1473 596 constringit,
1513 554 1641 585 sectas

239 612 402 660 repellit,
425 612 598 660 regulam
620 609 793 648 ueritatis
815 610 983 660 expedit,
1000 611 1217 649 haereticos
1238 611 1415 660 reuincst,
1438 612 1641 662 improbos

238 677 340 713 foras
362 675 526 725 exspuit,
550 675 755 725 euangelia
775 674 959 714 custodit.

321 741 382 778 De
396 742 472 779 hoc
488 740 594 779 idem
616 741 837 790 apostolus:
866 754 940 778 uon
957 742 1056 778 enim
1071 743 1251 790 spiritum
1272 743 1410 779 mundi
1425 743 1640 790 accepimus,

170 815 217 838 10
237 807 303 842 sed
332 807 510 854 ,spiritum
543 807 612 854 qui
639 819 685 843 ex
715 807 780 843 deo
808 811 870 842 est.
930 807 980 844 de
1013 807 1090 844 hoc
1124 809 1301 854 exsultat,
1333 814 1372 845 et
1404 806 1523 845 dicit:
1543 812 1643 855 puto

237 876 363 909 antem
387 872 479 920 quia
499 877 535 908 et
551 884 612 920 ego
630 872 807 919 spiritum
832 872 892 908 dei
915 872 1040 909 liabeo.
1100 873 1150 910 de
1177 873 1254 910 hoc
1281 872 1375 911 dicit
1395 887 1402 909 :
1430 877 1467 910 et
1483 873 1644 921 spiritus

230 937 508 985 prophetarum
528 937 730 985 prophetis
759 937 939 974 subiectus
976 943 1038 974 est.
1111 938 1162 976 de
1196 939 1272 976 hoc
1302 939 1441 976 refert:
1482 939 1645 987 spim'tzcs

237 1007 363 1039 autem
397 1002 593 1050 manifeste
630 1003 729 1049 dicit,
763 1003 854 1050 quia
892 1004 934 1039 in
970 1004 1189 1041 nouissimis
1221 1004 1447 1052 temporibus
1480 1005 1646 1041 recedent

236 1067 394 1116 quidam
441 1081 465 1104 α
499 1068 592 1116 fide,
634 1069 865 1104 attendentes
910 1069 1111 1116 spirilibus
1156 1069 1416 1114 seductoribus,
1461 1069 1644 1106 doctrinis

171 1142 213 1179 15
236 1133 533 1180 daemoniorum,
572 1134 614 1170 in
652 1133 842 1182 hypocrisi
880 1135 1070 1171 mendacia
1109 1135 1352 1183 loquentium,
1392 1134 1643 1171 cauteriatam

237 1199 453 1236 habentium
492 1199 750 1236 conscientiam
789 1211 909 1235 suam.
969 1198 1008 1236 in
1049 1200 1125 1236 hoc
1170 1199 1306 1249 spiritu
1345 1198 1497 1248 positus
1537 1210 1642 1235 nemo

238 1276 428 1312 umquam
460 1264 552 1301 dicit
576 1264 782 1301 anatliema
813 1265 967 1301 Iesum:
1002 1277 1122 1302 nemo
1152 1263 1310 1313 negauit
1341 1263 1542 1303 Christum
1577 1262 1643 1301 dei

237 1328 372 1365 filium.
409 1336 476 1365 aut
506 1328 730 1378 repudiauit
769 1336 986 1366 creatorem
1020 1330 1163 1367 deum:
1206 1342 1325 1367 nemo
1359 1336 1497 1366 contra
1527 1327 1644 1379 scrip-

237 1401 342 1431 turas
370 1395 448 1432 ulla
475 1407 545 1432 sua
573 1395 695 1432 uerba
722 1393 920 1444 depromit
940 1408 946 1430 ;
978 1407 1097 1432 nemo
1121 1395 1197 1432 alia
1221 1401 1259 1432 et
1280 1394 1466 1444 sacrilega
1485 1395 1643 1432 decreta

236 1457 465 1496 constituit:
502 1472 622 1497 nemo
656 1459 812 1497 diuersa
847 1458 929 1496 iura
963 1458 1187 1497 conscribit.
1246 1458 1286 1496 in
1321 1459 1427 1496 hunc
1466 1456 1644 1508 quisquis

167 1472 185 1494 Ν

195 1472 215 1494 Ο

304 1560 323 1592 6
347 1561 429 1602 fugit
446 1563 531 1593 edd:
557 1574 638 1594 corr.
660 1564 732 1594 We.
894 1573 912 1604 9
945 1564 1023 1594 item
1040 1563 1128 1594 edd:
1153 1573 1235 1595 corr.
1257 1563 1313 1594 Pa.
1364 1563 1413 1595 Cf.
1436 1574 1467 1605 p.
1486 1573 1526 1605 93
1544 1563 1564 1594 1.
1590 1573 1637 1594 11.

241 1627 274 1656 17
302 1616 376 1647 Iesu
402 1617 508 1658 Mign.

281 1723 310 1743 ε.
357 1711 470 1742 Gal.v
491 1720 538 1749 17.
973 1713 1052 1742 cites
1086 1711 1134 1741 sor
1168 1711 1223 1742 the
1255 1711 1399 1751 singular
1430 1722 1521 1742 some
1553 1711 1641 1752 good

282 1764 310 1794 7.
357 1755 513 1792 expedit]
545 1753 607 1795 Cp.
626 1755 745 1791 above,
773 1764 801 1785 c.
828 1754 904 1784 xxiv
973 1754 1175 1790 authorities,
1216 1754 1385 1795 including
1423 1755 1495 1786 four
1532 1755 1641 1786 uncial

237 1798 556 1881 p-301212·keeper
589 1840 626 1870 of
654 1840 709 1871 the
737 1840 903 1881 Gospels!
976 1797 1077 1872 Μῗξ..
1124 1851 1131 1870 ι
1155 1841 1240 1871 Tim.
1262 1841 1293 1871 iv
1316 1852 1340 1871 1.

236 1884 318 1915 This
334 1895 395 1915 can
412 1884 490 1924 only
506 1884 547 1914 be
563 1884 631 1914 said
654 1884 690 1914 of
711 1884 765 1914 the
787 1884 900 1924 Spirit,
1022 1894 1069 1922 17.
1105 1887 1295 1914 anathema
1310 1885 1438 1923 Iesum]
1469 1895 1477 1914 ι
1500 1884 1576 1917 Cor.
1597 1885 1642 1915 xii

236 1938 271 1958 as
295 1928 394 1968 being
415 1928 470 1958 the
492 1927 613 1968 keeper
638 1926 673 1957 of
694 1928 748 1957 the
772 1927 904 1958 Church
976 1938 992 1967 3
1018 1927 1126 1958 where
1151 1928 1250 1968 Vulg.
1269 1928 1326 1958 has
1346 1928 1430 1958 lesu.
1477 1928 1549 1959 The
1570 1928 1642 1959 best

241 1972 292 2001 ‘in
321 1970 491 2011 perpetual
519 1971 673 2011 virginity
701 1971 764 2000 and
797 1970 904 2001 truth’
973 1971 1113 2001 attested
1146 1971 1282 2011 reading
1316 1971 1346 2001 in
1383 1971 1438 2001 the
1473 1971 1583 2003 Greek
1616 1972 1643 2002 is

238 2013 313 2054 (end
339 2015 375 2044 os
395 2014 459 2045 this
484 2014 547 2052 ch.,
565 2014 647 2045 lines
670 2015 698 2050 8,
720 2013 763 2055 9).
813 2014 905 2044 Thus
976 2013 1111 2051 Ἰησοῦςῖ
1141 2014 1238 2044 while
1265 2014 1371 2051 Ἰησοῦ
1396 2014 1454 2045 has
1477 2014 1557 2055 only
1579 2025 1642 2046 one

237 2069 286 2088 we
302 2057 385 2088 have
402 2058 433 2088 in
452 2057 543 2088 these
560 2058 678 2093 words,
699 2057 764 2087 and
787 2057 819 2087 in
840 2057 905 2088 line
974 2057 1083 2088 uncial
1107 2058 1139 2087 in
1167 2058 1207 2088 its
1230 2057 1355 2087 favour.

238 2111 254 2139 5
289 2102 395 2131 below
422 2101 710 2139 (⁶incontaminata
735 2100 905 2131 doctrinae
1022 2111 1070 2143 19.
1117 2101 1270 2139 decreta]
1319 2100 1403 2131 Like
1441 2100 1496 2132 the
1534 2102 1642 2133 words

236 2144 422 2175 dominicae
450 2144 519 2175 iura
543 2144 684 2175 custodit
697 2143 728 2184 ³),
756 2155 775 2174 a
804 2144 904 2174 third-
975 2144 1079 2174 above
1106 2143 1139 2183 (l.
1165 2144 1192 2183 1)
1219 2144 1276 2174 ‘ad
1301 2144 1433 2175 decreta
1451 2144 1553 2184 ipsius
1577 2145 1640 2175 dis-

236 2193 371 2227 century
394 2187 590 2218 affirmation
612 2187 649 2218 of
669 2187 723 2218 the
746 2187 906 2228 principle
975 2193 1050 2218 cunt
1069 2198 1102 2218 se
1124 2188 1332 2218 moderanter
1354 2186 1560 2228 temperare‚'
1579 2188 1642 2219 this

236 2231 305 2261 that
340 2231 414 2262 ‘the
446 2231 578 2262 Church
616 2231 641 2261 is
673 2231 804 2261 witness
840 2231 904 2261 and
976 2230 1073 2261 refers
1089 2236 1123 2260 to
1137 2231 1192 2261 the
1209 2231 1384 2271 particular
1398 2231 1520 2271 rulings
1536 2230 1573 2261 of
1586 2231 1640 2262 the

237 2274 359 2314 keeper
383 2274 420 2304 of
444 2274 534 2314 Holy
557 2273 661 2304 Writ’
688 2274 775 2311 (Art.
795 2273 862 2313 xx).
976 2274 1077 2313 Spirit
1100 2274 1132 2303 in
1158 2274 1212 2304 the
1234 2273 1378 2305 Church.
1426 2274 1486 2314 Cp.
1506 2274 1561 2304 the
1584 2285 1641 2305 use

280 2328 310 2358 9.
364 2329 373 2348 1
395 2318 471 2348 Cor.
490 2318 511 2348 ii
534 2328 581 2348 12.
975 2317 1073 2348 ofthe
1086 2317 1205 2347 verbin
1219 2316 1639 2358 Novatian'sletter(Cypr.

287 2371 333 2391 ιο.
386 2371 394 2391 1
417 2361 492 2392 Cor.
512 2362 555 2391 vii
572 2371 623 2399 40.
975 2361 1041 2400 Ep.
1072 2360 1171 2391 xxxvi
1208 2362 1234 2395 1)
1267 2361 1374 2401 ‘quod
1402 2367 1516 2391 contra
1542 2371 1640 2391 euan—

287 2415 332 2434 ιι.
386 2405 778 2440 spu-itus...subiectus
839 2404 906 2442 est]
975 2403 1292 2444 gelicamdecretuni
1305 2404 1432 2434 uidetur
1445 2403 1642 2435 ueritatem!

238 2447 310 2477 The
339 2447 423 2487 right
456 2447 592 2487 reading
621 2447 656 2477 of
685 2447 739 2478 the
767 2447 905 2488 original
977 2448 1323 2487 For-sacrilegusasan
1335 2446 1641 2488 epithetosheresy‚

240 2490 266 2524 (ι
300 2489 374 2522 Cor.
406 2490 459 2520 xiv
488 2491 541 2530 3²)
572 2491 662 2531 gives
693 2491 748 2521 the
781 2490 902 2532 plural:
975 2500 1027 2531 cp.
1052 2496 1129 2521 note
1153 2501 1195 2520 on
1220 2501 1252 2531 p.
1284 2501 1338 2521 [η
1365 2491 1385 2520 l.
1413 2500 1442 2529 5.

239 2534 296 2564 bnt
327 2544 358 2564 v.
396 2533 620 2564 Tischendorf
652 2535 687 2564 in
721 2535 790 2571 loa,
829 2534 905 2564 who
