1727 2734
140 810 186 834 10
205 802 274 832 est.

205 859 310 898 ditus
350 859 409 907 sit,
446 859 558 897 cuius
596 860 758 909 angelus
798 860 922 898 fuerit.

212 106 269 155 64
770 118 838 148 No
848 118 904 148 VA
914 118 994 148 TJA
998 118 1062 149 NJ

1469 118 1612 158 [xvm

211 225 349 250 causas
377 212 587 261 interrogat
618 219 737 261 atque
767 211 921 261 accipit,
951 219 989 249 et
1018 219 1107 261 post
1135 213 1232 250 haec
1262 211 1492 250 humilitatis
1522 225 1613 250 con-

211 277 295 315 silia
319 276 489 327 porrigit,
513 289 624 326 spem
651 284 851 325 praeterea
880 275 935 313 illi
960 276 1125 315 materni
1156 276 1327 315 nominis
1353 276 1456 324 facit,
1488 277 1612 326 quod-

210 354 288 391 que
314 355 361 380 ex
388 349 499 379 utero
526 341 609 379 eius
638 342 806 379 multum
827 354 963 379 semen
984 349 1087 380 esset
1107 343 1281 379 futurum
1302 342 1472 391 spondet
1492 348 1611 391 atque

208 405 411 455 promittit,
434 413 472 443 et
493 406 602 455 quod
624 407 768 444 Ismael
795 419 842 444 ex
867 406 931 443 illa
958 406 1067 444 nasci
1094 407 1266 454 haberet,
1290 414 1328 444 et
1354 419 1445 444 cum
1473 405 1611 444 ceteris

165 486 185 523 5
207 470 331 520 aperit
368 471 501 508 locum
541 470 795 508 habitationis
833 470 966 520 ipsius,
1006 479 1218 521 actumque
1257 471 1461 510 describit:
1505 473 1611 509 hunc

208 542 341 573 autem
384 536 568 584 angelum
611 542 649 573 et
693 534 901 573 dominum
945 535 1134 585 scriptura
1182 536 1366 586 proponit
1411 544 1449 575 et
1491 537 1609 575 deum

209 600 317 649 (nam
349 614 422 638 nec
454 600 773 639 benedictionem
805 600 965 639 seminis
995 601 1248 651 promisisset,
1279 602 1354 640 nisi
1381 603 1544 652 angelus
1573 610 1611 640 et

208 666 306 703 deus
322 665 494 715 fuisset):
526 673 715 715 quaerant
732 665 828 715 quid
849 666 888 703 in
910 666 1105 716 praesenti
1125 668 1214 705 loco
1230 667 1415 705 haeretici
1431 675 1608 706 tractent.

207 738 317 780 pater
337 730 408 767 fuit
429 729 501 768 iste
522 730 589 779 qui
609 730 660 768 ab
682 732 786 780 Agar
806 730 912 768 uisus
934 738 1002 775 est,
1021 744 1071 768 an
1092 732 1202 769 non?
1229 731 1321 780 quia
1341 732 1438 769 deus
1458 731 1610 781 positus

334 795 404 832 sed
435 794 537 832 absit
569 795 690 832 deum
721 802 872 844 patrem
905 796 1089 845 angelum
1120 795 1250 833 dicere
1260 810 1270 843 ,·
1301 809 1350 834 ne
1380 796 1490 835 alteri
1521 797 1610 835 sub-

982 861 1053 898 sed
1086 862 1270 911 angelum
1309 861 1443 899 dicent
1476 861 1606 900 fuisse.

205 926 410 975 quomodo
442 938 533 974 ergo
574 926 672 963 deus
712 924 794 972 erit,
827 925 857 963 si
896 927 1058 976 angelus
1098 926 1178 973 fuit,
1213 939 1304 964 cum
1338 940 1419 965 non
1454 926 1502 965 sit
1532 928 1608 965 hoc

205 1003 353 1028 nomen
376 990 525 1040 angelis
552 1002 742 1039 umquam
769 993 1028 1029 concessum?
1057 991 1131 1028 nisi
1153 991 1341 1041 quoniam
1369 1005 1415 1030 ex
1441 1000 1608 1042 utroque

203 1056 323 1093 latere
343 1068 416 1093 nos
437 1055 580 1093 ueritas
601 1054 641 1092 in
661 1054 775 1092 istam
797 1054 1000 1093 concludit
1021 1054 1268 1102 sententiam,
1286 1068 1363 1105 qua
1384 1055 1607 1106 intellegere

138 1132 180 1170 15
203 1120 420 1158 debeamus
451 1120 515 1158 dei
545 1119 669 1157 filium
699 1119 840 1158 fuisse:
872 1120 950 1170 qui,
974 1121 1162 1170 quoniam
1191 1135 1237 1159 ex
1263 1122 1340 1159 deo
1367 1129 1435 1168 est,
1468 1122 1607 1161 merito

203 1186 311 1233 deus,
349 1185 441 1235 quia
478 1185 542 1223 dei
572 1185 687 1230 filius,
722 1184 851 1223 dictus
890 1185 949 1232 sit,
982 1185 1171 1235 quoniam
1210 1186 1309 1236 patri
1348 1186 1529 1225 subditus
1569 1195 1607 1226 et

201 1250 456 1288 annuntiator
495 1258 679 1299 paternae
718 1250 933 1288 uoluntatis
972 1258 1040 1297 est,
1083 1251 1216 1299 magni
1259 1252 1408 1288 consilii
1451 1254 1608 1300 angelus

203 1316 479 1366 pronuntiatus
519 1323 587 1354 est.

271 1421 307 1449 14
330 1420 396 1451 qua
415 1410 481 1440 Pa:
507 1409 584 1450 quia
601 1420 623 1447 γ
639 1408 684 1438 al.

206 1468 240 1496 {S
265 1465 319 1496 hic
335 1476 397 1496 om.
414 1476 437 1504 ’γ
453 1465 496 1495 al.
513 1464 619 1505 suppl.
640 1464 695 1493 Pa.

244 1557 275 1583 4.
325 1542 419 1573 ‘And
438 1541 509 1572 that
532 1540 676 1571 Ishmael
693 1551 760 1570 was
777 1546 811 1570 to
829 1540 869 1570 be

198 1587 281 1617 born
313 1586 395 1616 from
435 1584 524 1615 her':
566 1585 630 1614 late
672 1584 744 1614 Lat.
784 1583 868 1624 peri-

200 1630 327 1671 phrasis
354 1630 402 1660 for
426 1629 544 1663 future,
570 1627 652 1657 from
681 1627 788 1657 which
814 1627 869 1657 the

201 1673 318 1704 Italian
358 1673 421 1703 and
457 1671 585 1702 French
625 1670 683 1701 sut.
715 1671 742 1700 is
780 1681 868 1701 com-

200 1716 355 1758 pounded
396 1715 533 1752 (‘facere
565 1713 689 1744 habeo’
708 1727 735 1740 =
759 1713 867 1750 ‘sa1·o‚‘

204 1760 299 1790 ‘ferai
313 1759 343 1794 ’).
396 1759 459 1799 Cp.
486 1758 552 1792 xix,
574 1768 605 1798 p.
627 1766 676 1796 70.
695 1758 725 1787 8.

244 1814 273 1843 5.
319 1802 448 1840 ipsius]
465 1812 508 1832 sc.
531 1801 567 1831 os
582 1800 739 1831 Ishmael.
783 1801 866 1831 Cum

197 1847 305 1877 ceteris
325 1847 466 1885 ‘among
483 1845 577 1875 other
593 1843 726 1884 things.’

243 1890 285 1920 ib.
331 1889 464 1926 actum]
513 1889 673 1918 ‘manner
712 1886 749 1917 of
788 1886 866 1917 life)

199 1934 261 1974 Cp.
280 1932 381 1973 Cypr.
403 1933 439 1962 de
462 1931 555 1963 Unit.
585 1941 620 1961 21
653 1931 709 1960 ‘sit
734 1931 766 1960 in
792 1936 867 1960 actu

199 1988 257 2007 suo
289 1986 364 2007 cum
392 1975 567 2015 disciplina
595 1972 796 2009 modestus‘;
833 1974 869 2004 de

202 2020 299 2060 Laps.
334 2030 370 2050 21
409 2020 516 2049 ‘actus
553 2017 656 2048 nostri
695 2023 727 2047 et
766 2017 867 2047 animi

198 2069 334 2094 secreta.
344 2088 348 2093 .
358 2059 607 2103 ‚ponderemus'
620 2073 628 2098 3
663 2061 700 2090 de
726 2061 866 2090 Domin.

202 2108 259 2138 Or.
293 2117 328 2145 14
361 2105 712 2146 ‘quominus..noster
739 2104 867 2134 animus

198 2156 298 2191 atque
326 2154 417 2180 actus
443 2149 505 2179 deo
531 2146 770 2188 obsequatur';
802 2147 867 2177 and

200 2192 449 2233 Pseudo—Cypr.
478 2193 515 2222 de
538 2192 639 2232 §Pera
664 2191 673 2221 i
699 2191 751 2220 ‘in
780 2191 867 2221 uitae

197 2245 271 2268 actu
287 2234 425 2277 g1·aues.’

242 2282 270 2311 8.
331 2278 565 2316 quaerant...]
606 2277 680 2308 ‘the
726 2277 866 2307 heretics

197 2329 283 2354 must
314 2322 465 2353 consider
493 2321 579 2352 what
607 2321 684 2360 they
711 2320 809 2351 make
835 2320 870 2351 of

197 2367 252 2398 the
276 2376 413 2407 passage
438 2366 469 2395 in
495 2363 671 2405 question.'

242 2420 272 2451 9.
319 2411 457 2446 positus
489 2409 557 2446 est]
589 2408 635 2438 ‘is
660 2407 780 2444 stated,
811 2407 864 2438 (le-

196 2452 333 2490 clared‚’
356 2463 391 2482 as
415 2453 447 2481 in
473 2462 505 2492 p.
525 2460 575 2490 57.
595 2461 647 2482 20.

245 2507 291 2535 13.
341 2497 410 2526 nisi
435 2495 614 2532 quoniam]
643 2494 768 2524 ‘unless
792 2493 815 2524 it
840 2493 866 2524 is

661 1328 752 1364 ergo
787 1316 818 1353 si
852 1315 916 1353 hic
954 1317 1065 1353 locus
1099 1327 1229 1365 neque
1263 1329 1455 1365 personae
1488 1317 1607 1366 patris

864 1406 899 1438 16
924 1407 1009 1448 patri
1026 1407 1176 1438 subditus
1192 1413 1223 1439 et
1241 1419 1302 1439 om.
1320 1420 1343 1447 ’γ
1359 1408 1401 1440 al.
1421 1409 1528 1450 suppl.
1548 1409 1603 1441 Pa.

939 1540 995 1571 the
1011 1550 1084 1571 case
1102 1539 1197 1577 that‚’
1213 1541 1328 1581 giving
1343 1541 1398 1572 the
1414 1547 1485 1572 true
1502 1542 1605 1584 hypo-

939 1583 1050 1614 thesis.
1092 1583 1142 1614 Cf.
1162 1595 1192 1625 p.
1209 1583 1261 1624 46.
1285 1595 1311 1619 1,
1329 1584 1422 1625 infra
1440 1595 1470 1626 p.
1487 1584 1538 1625 65.
1556 1597 1604 1617 η.

987 1638 1034 1666 14.
1081 1628 1165 1665 qua]
1197 1637 1240 1658 sc.
1274 1628 1484 1659 ‘sententia':
1514 1640 1605 1661 some

938 1671 1069 1707 emend,
1089 1671 1283 1711 needlessly‚
1303 1677 1336 1702 to
1353 1672 1443 1712 qnia.

986 1712 1034 1744 16.
1080 1715 1195 1744 dictus
1212 1715 1274 1752 sit]
1312 1715 1384 1745 The
1398 1715 1605 1755 subjunctive

938 1757 964 1787 is
1001 1757 1125 1797 merely
1163 1758 1226 1787 due
1263 1764 1297 1788 to
1332 1758 1387 1789 the
1425 1759 1605 1799 subjective

937 1800 1105 1831 character
1133 1800 1169 1830 of
1193 1800 1248 1831 the
1276 1801 1412 1841 particle
1445 1802 1604 1837 ‘nie1·ito‚’

938 1844 990 1874 ‘It
1014 1843 1144 1874 follows
1167 1843 1238 1874 that
1264 1844 1319 1875 He
1343 1845 1370 1875 is
1393 1844 1546 1876 declared
1571 1853 1604 1877 to

936 1887 977 1918 be
995 1886 1095 1917 God.'

985 1940 1033 1969 17.
1082 1930 1192 1960 Isaiah
1223 1930 1254 1960 ix
1284 1929 1303 1960 6
1334 1931 1431 1961 LXX
1458 1933 1604 1971 μεγάλης

935 1975 1053 2013 βουλῆς
1076 1973 1227 2012 ἅγγελος,
1254 1973 1354 2014 Vulg.
1383 1975 1604 2007 ‘admirabilis

935 2016 1140 2047 consiliarius
1159 2017 1240 2047 deus
1261 2016 1375 2048 fortis.’
1422 2018 1495 2049 The
1512 2021 1603 2051 word

939 2062 946 2075 ‘
959 2060 1110 2100 angelus’
1128 2060 1161 2090 in
1179 2060 1243 2091 this
1259 2061 1444 2092 connexion
1461 2072 1552 2093 came
1570 2069 1604 2094 to

938 2104 977 2134 be
1008 2103 1203 2134 distasteful.
1248 2104 1381 2144 Jerome
1408 2111 1524 2145 quotes
1549 2107 1603 2138 the

937 2157 1074 2188 passage
1098 2146 1177 2177 with
1201 2147 1367 2178 ‘nuntius'
1392 2147 1425 2178 in
1447 2149 1488 2179 its
1510 2149 1603 2190 place

937 2190 1004 2228 (see
1044 2190 1194 2221 Sabatier
1230 2191 1267 2220 in
1305 2191 1387 2229 loa).
1447 2192 1507 2232 Cp.
1549 2193 1603 2224 the

940 2233 1065 2274 ‘Angel
1082 2233 1118 2264 of
1131 2234 1186 2264 the
1203 2234 1401 2271 Covenant,’
1421 2235 1501 2265 Mal.
1520 2235 1553 2266 iii
1576 2248 1602 2268 1.

937 2276 990 2308 On
1005 2277 1068 2307 this
1082 2277 1155 2307 idea
1166 2277 1226 2307 osa
1238 2277 1445 2318 Theophany
1462 2278 1494 2308 in
1513 2280 1597 2311 O.T.

936 2321 1031 2351 times
1048 2331 1101 2351 see
1118 2319 1280 2360 speaker&
1305 2321 1427 2352 Comm.
1452 2332 1494 2352 on
1515 2322 1600 2354 Gen.

936 2375 979 2394 xn
1000 2374 1026 2403 7.

984 2408 1032 2438 18.
1073 2407 1143 2437 The
1157 2413 1327 2447 argument
1345 2407 1386 2438 is:
1415 2408 1468 2438 He
1483 2408 1507 2438 is
1521 2409 1602 2440 both

937 2450 1013 2481 God
1035 2451 1098 2480 and
1123 2450 1253 2490 Angel;
1278 2456 1377 2481 ternis
1395 2451 1502 2482 which
1525 2453 1603 2494 only

935 2499 1021 2524 meet
1051 2494 1082 2523 in
1111 2493 1165 2524 the
1194 2494 1312 2524 Person
1338 2493 1375 2524 of
1397 2494 1451 2525 the
1477 2497 1544 2526 Son
1569 2497 1607 2527 of
