1727 2734
101 145 233 184 XXVI]
518 144 589 174 DE
625 142 830 174 TRJNJTA
843 143 904 173 TE
935 142 1087 172 LIBER
1453 138 1505 180 95

102 252 180 276 meo
195 253 205 275 .·
233 239 315 275 sede
343 252 366 275 α
396 239 543 275 dextris
573 239 673 283 meis,
701 238 813 274 donec
830 243 976 285 ponam
1006 237 1178 274 inimicos
1205 242 1288 273 tuos
1310 238 1509 274 scabellum

93 306 236 353 pedum
267 304 450 341 tuorum?
506 310 572 340 aut
600 315 690 340 curn
724 301 850 339 Isaiae
878 300 1104 351 prophetias
1131 300 1330 350 explicans
1358 301 1510 339 inuenit

103 369 277 419 positum
312 368 392 407 sic:
437 370 527 406 llaec
562 369 654 405 dicit
686 369 861 405 daminus
902 368 1056 406 Clzristo
1096 380 1172 404 meo
1205 368 1387 403 domim?
1443 373 1509 404 aut

103 448 194 473 cum
227 434 343 484 legit:
379 447 454 471 nan
481 435 649 471 descendi
671 435 714 470 de
741 434 838 470 caelo
868 438 911 469 ut
928 433 1078 480 jaciam
1109 433 1344 468 uoluntatem
1377 444 1508 478 meam,

102 501 168 537 sed
190 501 423 536 uoluntatem
444 499 521 535 eius
544 500 612 546 qui
637 498 744 534 mi'sit
766 499 851 535 me?
908 504 974 534 aut
1002 498 1098 534 dum
1129 495 1280 534 inuenit
1309 495 1482 545 positum
1503 509 1510 532 z
1534 502 1552 539 5

102 565 284 612 quoniam
317 565 389 612 qui
419 576 474 600 me
513 564 626 608 misit,
665 563 790 613 maior
827 575 882 598 me
919 563 1003 598 est?
1059 568 1126 598 aut
1161 574 1251 598 curn
1288 560 1511 598 considerat

103 627 317 678 scriptum:
346 641 384 665 eo
413 629 468 664 ad
484 632 637 675 patrem
670 639 790 663 meum
816 631 852 662 et
869 631 1023 674 patrem
1049 630 1227 671 nestrum,
1254 627 1363 661 deum
1391 638 1512 662 meum

102 698 139 730 et
172 695 280 730 deum
320 694 517 730 uestrum?
592 700 659 730 aut
704 692 866 741 quando
910 690 1030 728 habet
1076 703 1167 728 curn
1214 689 1354 727 ceteris
1394 690 1514 727 collo-

103 766 260 796 catum:
308 759 374 795 sed
406 759 447 794 in
485 759 560 806 lege
598 762 725 794 uestra
762 757 943 804 scriptum
983 761 1044 801 est,
1084 756 1177 804 quia
1216 756 1379 791 duorum
1417 756 1514 790 testi-

105 823 272 860 monium
294 835 427 859 uerum
452 827 506 860 est
517 838 530 868 ‚·
561 835 623 871 ega
649 823 693 858 de
718 835 774 858 me
799 821 981 870 testificor,
1010 826 1047 857 et
1072 820 1290 869 testificatus
1316 824 1370 856 est
1393 820 1437 856 de
1459 832 1515 856 me
1539 831 1584 854 10

103 890 173 936 qui
202 901 258 925 me
289 888 394 924 misit
417 888 563 936 pater?
619 894 686 924 aut
721 887 883 936 quando
916 898 993 923 uox
1025 886 1075 922 de
1105 885 1216 922 caelo
1246 883 1445 922 redditur:
1480 889 1518 921 et

104 953 365 1001 lzonorzficaui,
387 957 423 989 et
446 952 728 1000 honorificabo?
784 958 851 988 aut
875 951 1039 1000 quando
1066 963 1089 987 a
1111 951 1227 987 Petro
1253 950 1515 998 respondetur

105 1026 143 1056 et
191 1017 358 1055 dicitur:
408 1022 448 1053 tlt
496 1030 532 1053 es
567 1017 683 1065 filius
726 1018 788 1054 dei
831 1017 917 1054 uiui
931 1019 947 1054 ?
1017 1023 1084 1053 aut
1123 1016 1286 1065 quando
1331 1015 1382 1052 ab
1428 1014 1514 1064 ipso

104 1082 271 1121 domino
291 1090 582 1120 sacramentum
605 1081 720 1119 huius
742 1081 994 1120 reuelationis
1015 1081 1267 1131 approbatur,
1291 1088 1328 1118 et
1353 1080 1513 1119 dicitur:

104 1150 234 1186 beatus
251 1161 297 1193 es,
321 1148 452 1186 Simon
480 1149 690 1185 Bariana:
719 1149 898 1196 quoniam
925 1148 992 1184 hoc
1016 1148 1089 1184 tibi
1115 1160 1189 1183 non
1217 1147 1408 1183 reuelaait
1429 1158 1516 1182 caro
1541 1156 1583 1194 15

104 1219 139 1251 et
169 1214 338 1262 sanguis,
374 1214 440 1250 sed
457 1218 579 1262 pater
606 1226 708 1250 meus
735 1213 804 1261 qui
831 1213 872 1248 in
901 1213 1011 1249 caelis
1039 1214 1119 1249 est?
1175 1218 1243 1248 aut
1273 1211 1435 1260 quando
1464 1209 1515 1248 ab

105 1278 192 1328 ipso
223 1277 382 1316 Christo
411 1277 661 1327 exprimitur:
688 1282 814 1325 pater,
845 1276 1012 1324 clarifica
1043 1289 1100 1313 me
1122 1289 1160 1313 ea
1183 1277 1330 1322 honore,
1357 1288 1429 1324 quo
1446 1275 1521 1322 fui

105 1345 214 1393 apud
230 1348 272 1390 te,
295 1347 497 1390 antequam
520 1343 838 1391 mundasfieret?
893 1349 961 1379 aut
986 1355 1077 1379 cum
1101 1341 1153 1379 ab
1180 1342 1325 1379 eodem
1349 1340 1515 1378 dicitur:

99 1415 222 1458 pater,
258 1408 411 1444 sciebam
446 1408 538 1455 quia
567 1414 710 1456 semper
738 1421 793 1445 me
822 1408 936 1444 andis
953 1422 965 1452 ‚·
1010 1419 1144 1443 uerum
1174 1412 1338 1454 propter
1363 1408 1518 1443 circum-

103 1480 246 1513 stantes
269 1474 365 1519 dixi,
396 1478 439 1509 ut
462 1475 619 1510 credant
636 1475 727 1521 quia
747 1479 789 1509 [ιι
817 1485 872 1509 me
899 1473 1067 1509 misisti?
1122 1480 1189 1509 aut
1217 1485 1308 1509 curn
1336 1470 1516 1509 definitio
1539 1489 1587 1512 20

105 1541 260 1590 regulae
290 1539 341 1576 ab
371 1538 457 1587 ipso
488 1537 647 1577 Christo
675 1539 901 1584 collocatur,
931 1545 969 1575 et
996 1537 1161 1575 dicitur:
1193 1539 1282 1574 llaec
1309 1543 1361 1574 est
1390 1543 1515 1574 autem

171 1627 188 1657 3
214 1615 296 1646 haee
323 1615 402 1646 dicit
424 1615 579 1645 dominus
600 1625 660 1645 om.
677 1626 718 1654 7:
744 1615 870 1646 inuenit
894 1615 1160 1656 posituin...meo
1184 1615 1320 1645 domino
1347 1615 1391 1644 Pa
1415 1625 1455 1645 ex
1482 1626 1511 1645 α.

105 1672 124 1702 8
149 1671 350 1701 collocutum
366 1671 435 1700 edd.
449 1671 568 1710 prior„
588 1680 671 1700 corr.
691 1669 763 1700 We.

150 1751 180 1771 2.
219 1740 412 1778 explicans]
433 1741 440 1754 ⁴
452 1739 621 1780 opening‚'
637 1739 683 1770 lit,
695 1741 702 1754 ‘
717 1750 774 1770 un-
847 1741 898 1770 De
918 1740 987 1770 Cib.
1007 1741 1083 1770 lud.
1101 1741 1122 1770 ii
1149 1741 1201 1770 ‘in
1220 1741 1334 1781 primis
1351 1740 1433 1771 illud
1450 1740 1515 1771 col-

105 1783 248 1825 rolling.'
294 1784 445 1818 lnuenit,
461 1783 516 1814 the
534 1782 659 1822 subject
678 1783 704 1813 is
721 1783 776 1814 the
845 1783 1023 1814 locandum
1045 1791 1091 1814 est
1115 1785 1209 1823 legem
1232 1785 1414 1824 spiritalem
1431 1784 1515 1814 esse.’

105 1838 194 1858 same
222 1838 256 1857 as
282 1827 353 1857 that
377 1827 414 1857 os
436 1828 510 1867 quis
535 1837 600 1856 mm
626 1831 778 1866 agnoscat
891 1837 920 1867 9.
965 1827 1019 1868 Jo.
1049 1827 1104 1857 viii
1134 1838 1181 1867 17,
1223 1829 1257 1858 18
1285 1827 1384 1867 Vulg.
1434 1831 1516 1868 ‘ego

105 1882 214 1912 supra.
847 1881 928 1908 sum,
958 1871 1014 1911 qui
1038 1871 1264 1902 testimonium
1290 1871 1448 1912 perhibeo
1475 1871 1516 1902 de

151 1925 180 1954 3.
226 1916 312 1944 haec
341 1915 427 1944 dicit
454 1915 616 1944 dominus
640 1916 778 1944 Christo
848 1915 993 1955 meipso;
1018 1920 1049 1944 et
1067 1914 1292 1945 testimonium
1308 1914 1457 1955 perhibet
1475 1914 1517 1945 de

104 1966 181 1988 meo
198 1957 351 1995 domino]
371 1957 414 1987 Is.
435 1957 489 1986 xlv
512 1967 536 1992 1,
555 1957 664 1987 where
677 1956 776 1997 Vulg.
848 1967 911 1991 me,
929 1958 984 1998 qui
1003 1957 1091 1988 misit
1109 1968 1171 1992 me,
1192 1958 1310 1988 Pater:

107 2001 166 2031 has
182 1999 396 2040 ‘Cyro’with
409 2000 463 2030 the
478 2000 583 2030 Hebr.
614 2000 686 2030 The
697 2010 776 2040 quo·
896 2011 942 2031 11.
992 2001 1044 2041 Jo.
1070 2001 1114 2030 xii
1139 2002 1177 2031 28
1203 2001 1301 2041 Vulg.
1326 2002 1375 2031 ‘et
1400 2000 1515 2031 clarifi—

106 2044 211 2075 tation
229 2044 255 2074 is
271 2043 370 2073 based
389 2053 431 2073 on
451 2044 567 2082 Κυρίῳ,
588 2054 629 2073 an
647 2043 777 2074 ancient
847 2044 919 2074 caui
948 2048 980 2074 et
1012 2044 1128 2074 iterum
1162 2044 1349 2074 clarificabo
1364 2043 1391 2074 ’z
1426 2045 1516 2075 there

105 2087 296 2127 corruption
320 2086 357 2116 of
376 2088 469 2125 Κύρῳ
494 2086 601 2117 which
625 2086 680 2117 the
706 2087 776 2117 best
846 2097 901 2117 are
914 2087 1008 2117 other
1019 2087 1242 2117 variationsin
1257 2088 1312 2118 the
1326 2087 1516 2128 quotations

105 2136 175 2162 text
192 2130 229 2160 of
248 2130 344 2160 LXX
362 2130 475 2160 reads:
505 2129 560 2160 the
581 2140 671 2160 same
688 2140 776 2160 error
846 2130 883 2160 of
896 2130 959 2160 this
976 2130 1122 2170 chapter.

106 2184 246 2215 appears
263 2174 295 2203 in
313 2173 450 2204 Tertull.
472 2173 549 2202 adu.
567 2173 703 2203 ludaeos
719 2173 774 2208 vii,
897 2184 942 2213 13-
994 2174 1091 2204 Matt.
1113 2174 1166 2203 xvi
1189 2172 1236 2209 16,
1260 2182 1307 2213 17-

106 2218 184 2247 adu.
203 2217 307 2247 Prax.
328 2216 358 2246 xi
376 2216 441 2246 and
458 2216 567 2246 xxviii.
896 2226 943 2256 17.
988 2217 1041 2257 Jo.
1071 2217 1137 2247 xvii
1171 2228 1212 2256 5:
1250 2228 1300 2258 cp.
1330 2218 1382 2248 De
1415 2217 1510 2248 Trz'n.

152 2272 180 2298 4.
229 2261 281 2300 Jo.
304 2260 335 2289 vi
354 2261 403 2300 38.
847 2260 902 2290 xiii
921 2271 952 2301 p.
971 2271 1023 2299 43.
1047 2271 1092 2299 15,
1115 2261 1178 2291 xvii
1197 2272 1228 2302 p.
1249 2272 1299 2300 57.
1322 2271 1348 2291 1.

151 2302 181 2334 6.
226 2303 279 2343 Jo.
299 2303 352 2333 xiv
371 2304 421 2334 28.
895 2314 943 2344 19.
987 2304 1040 2342 Jo.
1060 2304 1091 2334 xi
1111 2315 1161 2342 4²-

153 2356 180 2386 7.
230 2347 282 2387 Jo.
301 2357 343 2376 xx
365 2356 399 2386 17
425 2346 522 2387 Vulg.
553 2346 710 2377 ‘ascendo
735 2346 777 2376 ad
893 2357 942 2378 20.
990 2348 1146 2377 definitio
1166 2348 1324 2386 regulae]
1349 2347 1389 2378 cf.
1415 2358 1446 2377 n.
1472 2358 1515 2378 on

110 2391 240 2420 Patrem
257 2390 392 2420 meum.’
851 2391 858 2404 ‘
871 2390 983 2430 regula
1008 2390 1172 2420 ueritatis'
1199 2391 1248 2421 ch.
1277 2391 1298 2420 i.

153 2434 182 2464 8.
229 2433 450 2471 collocatum]
470 2443 489 2463 a
509 2432 669 2463 favourite
687 2433 777 2463 word
893 2443 943 2463 21.
989 2434 1040 2473 Jo.
1066 2434 1132 2464 xvii
1152 2443 1179 2471 3,
1198 2443 1237 2473 4:
1263 2445 1314 2475 cp.
1334 2435 1385 2464 De
1415 2435 1511 2465 Trin.

108 2476 146 2508 of
177 2476 232 2506 the
264 2476 388 2506 writer:
431 2477 507 2507 here
543 2475 708 2506 ‘stated'z
745 2476 777 2506 in
849 2477 900 2506 xvi
919 2487 947 2518 p.
972 2476 1022 2515 56,
1041 2477 1071 2507 6.

110 2531 164 2562 pp.
198 2529 248 2555 30.
281 2520 327 2556 18,
360 2519 411 2559 67.
439 2532 457 2559 4
488 2519 716 2560 ‘represent’z
745 2519 777 2549 in
