1727 2734
96 144 235 183 11,111]
513 145 585 175 DE
621 145 900 175 TRJNJTATE
932 145 1084 175 LIBER

1472 144 1499 182 9

94 239 282 286 hebescit,
320 253 369 278 ne
403 239 540 278 orbem
582 239 709 289 ipsum
750 239 912 276 obtutus
952 238 1133 288 inspiciat
1173 238 1382 276 obuiorum
1424 238 1498 276 sibi

93 312 298 353 superatus
329 305 477 353 fulgore
502 303 711 349 radiorum,
749 304 825 341 hoc
852 302 957 340 idem
988 302 1129 340 mentis
1156 302 1260 340 acies
1287 302 1431 352 patitur
1459 303 1497 341 in

92 368 330 417 cogitatione
357 367 466 407 omni
495 369 545 405 de
572 369 676 413 deo,
706 375 743 405 et
768 375 918 416 quanto
945 368 995 404 ad
1017 366 1351 404 considerandum
1377 368 1497 406 deum

93 433 180 482 plus
202 433 426 478 intenditur,
455 440 565 470 tanto
593 432 714 482 magis
743 432 826 482 ipsa
851 431 1099 482 cogitationis
1126 444 1220 469 suae
1250 432 1337 470 luce
1367 445 1499 470 caeca-

93 504 164 536 tur.
233 497 329 546 quid
359 497 464 536 enim
500 498 550 535 de
584 511 632 535 eo
665 497 723 547 (ut
754 497 893 535 iterum
925 496 1117 545 repetam)
1148 496 1346 546 condigne
1376 497 1496 544 dicas,

91 563 159 612 qui
181 572 238 601 est
259 562 500 600 sublimitate
522 562 630 600 omni
651 562 866 609 sublimior,
890 570 927 600 et
948 561 1155 599 altitudine
1177 561 1286 599 omni
1307 561 1431 609 altior,
1460 570 1498 600 et

93 629 291 678 profundo
323 628 431 666 omni
470 629 713 677 profundior,
750 635 787 666 et
822 627 931 666 omni
965 629 1053 665 luce
1092 627 1270 674 lucidior,
1312 635 1350 666 et
1388 628 1497 666 omni

93 693 267 731 claritate
315 694 462 740 clarior,
506 693 615 731 omni
656 694 866 742 splendore
907 692 1161 742 splendidior,
1205 693 1314 730 omni
1358 693 1498 732 robore

93 758 300 802 robustior,
330 758 438 796 omni
470 758 612 796 uirtute
643 757 799 803 uirilior,
831 759 939 795 omni
968 757 1262 807 pulchritudine
1286 759 1497 807 pulchrior,

92 823 256 861 ueritate
283 824 391 861 omni
421 825 558 870 uerior,
591 832 628 861 et
659 823 888 861 fortitudine
915 822 1024 861 omni
1054 823 1199 869 fortior,
1230 831 1267 861 et
1295 823 1499 862 maiestate

92 888 201 926 omni
238 888 372 933 maior,
406 897 443 926 et
476 889 584 926 omni
616 890 793 938 potentia
824 887 1034 938 potentior,
1066 895 1103 926 et
1133 887 1320 926 omnibus
1350 887 1498 926 diuitiis

92 952 222 995 ditior,
263 953 371 991 omni
410 953 619 1003 prudentia
654 953 894 1002 prudentior,
934 960 972 991 et
1006 952 1115 990 omni
1155 952 1397 1002 benignitate
1436 953 1500 991 be-

92 1018 256 1068 nignior,
298 1019 407 1056 omni
448 1020 624 1057 bonitate
664 1019 811 1065 melior,
858 1018 968 1056 omni
1013 1018 1158 1056 iustitia
1201 1018 1348 1064 iustior,
1389 1017 1499 1056 omni

91 1083 303 1122 clementia
323 1084 584 1123 clementior?
641 1084 794 1122 minora
821 1084 927 1122 enim
949 1084 1026 1122 sint
1046 1098 1209 1123 necesse
1233 1092 1291 1122 est
1318 1084 1498 1122 omnium

91 1162 235 1199 genera
270 1149 458 1187 uirtutum
493 1163 541 1188 eo
576 1149 673 1200 ipso,
706 1149 773 1199 qui
812 1149 1001 1187 uirtutum
1040 1149 1219 1187 omnium
1255 1157 1293 1187 et
1327 1149 1425 1187 deus
1459 1157 1498 1188 et

92 1227 232 1264 parens
262 1222 342 1253 est:
374 1222 416 1252 ut
450 1227 542 1253 uere
571 1214 649 1253 dici
680 1214 802 1264 possit
832 1214 872 1252 id
902 1214 1000 1252 deus
1031 1227 1127 1261 esse,
1163 1215 1272 1264 quod
1302 1213 1500 1253 eiusmodi

91 1288 150 1317 est
171 1279 233 1317 cui
255 1279 473 1329 comparari
494 1279 591 1317 nihil
612 1287 752 1329 potest.
802 1292 918 1329 super
945 1293 1063 1318 omne
1085 1287 1142 1317 est
1163 1279 1269 1317 enim
1291 1281 1399 1329 quod
1421 1280 1499 1318 dici

93 1353 233 1394 potest.
294 1359 406 1383 mens
432 1354 490 1384 est
518 1347 622 1384 enim
651 1346 847 1395 quaedam
874 1345 1038 1395 gignens
1065 1353 1104 1384 et
1124 1346 1329 1394 complens
1351 1345 1496 1391 onmia,

93 1422 195 1458 quae
221 1410 304 1448 sine
336 1411 416 1448 ullo
447 1418 514 1448 aut
546 1409 658 1448 initio
687 1418 754 1447 aut
784 1409 953 1448 termino
983 1409 1171 1459 temporis
1201 1423 1338 1448 causas
1369 1423 1498 1448 rerum

93 1474 320 1512 naturaliter
353 1488 472 1513 nexas
505 1476 556 1513 ad
591 1475 798 1513 utilitatem
837 1475 1015 1513 omnium
1056 1489 1211 1513 summa
1249 1484 1287 1513 et
1326 1476 1498 1524 perfecta

93 1539 243 1578 ratione
274 1541 509 1578 moderetur.

176 1606 252 1643 III.
314 1606 437 1642 Hunc
459 1604 572 1654 igitur
591 1604 842 1654 agnoscimus
864 1612 901 1642 et
922 1604 1067 1642 scimus
1094 1605 1226 1650 deum,
1249 1605 1497 1643 conditorem

92 1684 219 1709 rerum
261 1669 451 1716 omnium,
485 1669 705 1715 dominum,
737 1677 896 1718 propter
934 1677 1182 1718 potestatem,
1215 1678 1252 1708 et
1293 1678 1497 1720 parentem

237 1786 256 1817 9
281 1774 417 1813 uirilior]
434 1774 560 1804 uiritior
575 1773 670 1804 edd-t
697 1774 834 1804 uirosior
850 1774 932 1804 coni.
949 1775 1000 1815 Ja.
1119 1785 1154 1814 13
1181 1774 1298 1805 bonior
1313 1786 1342 1805 α.

831 1865 921 1895 {ains
954 1865 1006 1895 (lle
1043 1865 1173 1896 balance
1201 1864 1240 1905 ρκ’
1270 1866 1336 1896 lllz's
1373 1867 1499 1906 carllzly

821 1908 945 1949 srame’,
965 1908 1037 1938 and
1051 1909 1124 1938 will
1144 1914 1199 1939 nos
1217 1909 1294 1949 give
1318 1910 1384 1940 His
1403 1910 1499 1950 glory

138 1880 167 1907 ς).
213 1866 366 1904 uirilior]
389 1866 462 1895 thus
489 1865 503 1895 Ι
531 1865 648 1895 amend
677 1866 760 1895 uiri-

91 1911 167 1943 dior,
197 1920 238 1940 an
270 1909 438 1939 unknown
466 1909 569 1938 word.
613 1908 759 1948 Jackson

92 1961 240 1994 suggests
267 1953 410 1983 uirosior
439 1952 523 1982 from
554 1952 692 1982 Tertull.
725 1953 761 1981 de

94 1998 223 2027 Anima
257 2006 302 2037 19,
332 1995 437 2026 which
466 1995 583 2036 hardly
606 2001 760 2036 supports

93 2040 134 2071 its
159 2050 214 2070 use
238 2040 326 2069 here.

143 2084 189 2113 18.
252 2083 297 2112 ‘A
335 2081 582 2112 mind...which
622 2081 760 2112 without

93 2126 274 2167 beginning
305 2136 341 2156 or
372 2126 436 2155 end
467 2124 504 2155 of
538 2125 617 2155 time
648 2125 760 2155 orders

93 2166 171 2201 with
204 2179 354 2210 supreme
385 2168 450 2198 and
479 2167 600 2208 perfect
634 2178 759 2206 reason,

92 2214 172 2244 with
184 2223 201 2243 a
215 2214 296 2243 view
308 2218 342 2242 to
359 2211 413 2242 the
425 2211 511 2252 good
526 2211 563 2240 of
575 2211 629 2241 the
641 2211 759 2246 whole,

92 2267 205 2287 causes
229 2257 260 2286 in
285 2255 368 2286 their
386 2255 511 2285 natural
535 2255 758 2285 connexioms!

96 2299 204 2330 ‘Finis
221 2299 367 2329 omnium
385 2299 547 2328 bonorum
564 2304 595 2328 et
617 2297 758 2328 altitudo

93 2343 180 2374 uitae
208 2351 237 2373 et
266 2341 470 2383 profunditas
492 2341 697 2382 eloquiorum
725 2348 758 2372 tu

92 2387 160 2417 es’:
187 2386 279 2416 lmz't.
308 2385 437 2415 Christi
459 2385 491 2414 iii
518 2394 568 2425 59.

137 2430 205 2460 ΙΙΙ.
258 2429 289 2459 T
285 2429 336 2459 llis
365 2439 427 2458 our
456 2428 527 2458 God
550 2428 578 2457 is
606 2428 760 2457 Founder

91 2473 130 2513 os
136 2474 185 2502 all
198 2473 318 2512 things,
334 2472 423 2502 [ἡμῖν
437 2471 529 2501 [ord
540 2471 612 2500 and
621 2471 756 2507 Parent,

90 2527 127 2547 as
145 2517 232 2556 Holy
249 2516 420 2556 ,δ’[νψηωτ
436 2515 554 2545 slmos:
578 2514 629 2544 He
652 2515 758 2544 maill-

831 1956 860 1982 lo
891 1953 1035 1987 anotlnr,
1069 1953 1161 1982 made
1191 1963 1243 1982 erv
1265 1953 1432 1992 imagl'ncd
1459 1954 1498 1993 by

830 1995 969 2025 idolam·
990 2006 1028 2025 ον
1052 1996 1181 2025 hereti«.
1241 1996 1292 2026 Hc
1322 2007 1396 2036 says
1425 1997 1499 2026 that

831 2049 872 2068 πο
896 2040 1009 2078 temple
1035 2039 1180 2069 ronlaius
1209 2039 1306 2075 Him,
1337 2040 1373 2069 in
1404 2041 1500 2070 order

829 2082 901 2111 that
924 2093 970 2112 we
993 2092 1068 2121 may
1091 2083 1125 2112 he
1145 2083 1222 2112 mise
1245 2083 1282 2112 itt
1307 2083 1360 2113 ΝΜ
1386 2083 1497 2113 [710ch-

830 2125 913 2165 kulge
943 2125 983 2165 (gf
1008 2126 1073 2155 His
1100 2130 1174 2155 truc
1199 2125 1304 2165 glor-v.
1352 2126 1405 2165 By
1433 2127 1498 2156 His

830 2168 937 2208 Spiris
978 2169 1028 2198 Hc
1065 2169 1175 2198 wozdd
1210 2173 1292 2198 lum!
1334 2179 1372 2198 us
1400 2169 1494 2209 from

828 2212 941 2241 bruta!
957 2212 1050 2250 pride
1071 2216 1101 2241 lo
1119 2212 1171 2241 tlte
1190 2212 1367 2249 gmtleuess
1390 2212 1429 2253 (gf
1444 2213 1498 2243 llze

828 2255 1105 2285 lzumblelzeartecl:
1133 2255 1206 2284 llms
1229 2265 1275 2284 we
1298 2266 1373 2295 may
1396 2266 1495 2296 recog-

828 2298 898 2328 nz'se
920 2298 992 2327 that
1019 2298 1096 2335 God,
1116 2298 1229 2328 rather
1250 2298 1332 2328 llum
1350 2299 1493 2337 Mzture,

828 2342 856 2371 is
887 2341 939 2371 flzc'
972 2342 1127 2371 Fannder
1155 2341 1195 2382 os
1219 2343 1360 2372 natural
1388 2343 1492 2373 order.

828 2385 895 2414 His
932 2385 1082 2414 invisible
1113 2389 1279 2424 grealness
1317 2395 1364 2415 we
1402 2386 1495 2416 learn

828 2428 968 2466 through
982 2428 1092 2467 things
1104 2427 1216 2458 vz'sz'lale
1229 2441 1237 2458 :
1261 2428 1410 2468 (ffwltom
1428 2430 1500 2460 and

828 2472 865 2500 in
895 2471 1000 2501 whom
1028 2472 1099 2501 and
1127 2471 1267 2511 llll'tvtrgrlz
1302 2472 1406 2502 whom
1441 2484 1498 2503 are

827 2514 877 2544 all
898 2515 1017 2555 llu'lzgs.

1520 505 1538 540 Q‘l

1524 834 1568 857 10

1521 1486 1568 1509 20
