1727 2734
95 146 202 185 VIII]
514 146 586 176 DE
622 145 902 176 TA'lNlTAJ'E
934 145 1087 176 LIBER
1448 143 1497 184 25

93 242 350 280 conferendo.
409 249 448 280 et
475 241 567 291 quia
594 242 695 279 ultro
717 248 754 279 et
775 242 902 290 largus
923 247 961 278 et
982 240 1111 278 bonus
1132 247 1201 286 est,
1229 254 1278 278 ne
1305 248 1410 278 totus
1438 241 1501 278 hic

93 306 201 344 orbis
222 319 382 344 auersus
402 306 547 356 gratiae
568 306 651 344 eius
668 305 897 343 fluminibus
913 312 1115 351 aresceret,
1133 306 1334 354 apostolos
1352 305 1502 343 institu-

93 378 197 409 tores
232 371 384 420 generis
419 371 540 409 nostri
575 370 614 408 in
650 378 778 409 totum
813 371 951 409 orbem
992 370 1093 408 mitti
1128 384 1196 420 per
1231 371 1353 409 filium
1384 385 1498 409 suum

93 435 231 481 uoluit,
265 444 306 474 ut
338 436 523 474 condicio
561 436 715 486 generis
755 435 918 473 humani
952 444 1184 485 agnosceret
1222 436 1498 482 institutorem,

92 506 140 544 et,
179 498 211 536 si
246 498 357 548 sequi
397 498 610 545 maluisset,
647 498 810 536 haberet
849 511 968 547 quem
1009 511 1081 547 pro
1116 499 1193 536 deo
1228 499 1267 536 in
1303 499 1382 538 suis
1421 500 1498 538 iam
1521 509 1540 547 5

92 563 426 612 postulationibus
462 571 612 612 patrem
643 562 802 601 diceret.
872 562 984 600 cuius
1019 576 1100 601 non
1134 564 1385 612 prouidentia
1419 573 1501 603 tan-

91 630 303 667 tummodo
346 628 571 679 singillatim
616 641 684 678 per
722 628 904 666 homines
943 628 1113 666 cucurrit
1151 636 1218 666 aut
1257 629 1385 674 currit,
1430 632 1500 668 sed

90 693 210 732 etiam
233 707 301 743 per
322 693 424 743 ipsas
446 693 562 731 urbes
587 701 625 731 et
652 693 842 740 ciuitates,
870 706 1037 742 quarum
1065 693 1190 732 exitus
1217 695 1499 744 prophetarum

91 758 258 797 uocibus
288 758 455 806 cecinit,
489 758 611 796 inimo
643 758 760 797 etiam
791 772 860 809 per
889 758 1017 809 ipsum
1049 767 1177 797 totum
1207 760 1356 807 orbem,
1389 760 1500 798 cuius

90 833 251 874 propter
277 825 593 863 incredulitatem
622 825 760 870 exitus,
783 827 928 875 plagas,
950 824 1245 864 deminutiones
1270 839 1500 876 poenasque

90 889 310 940 descripsit.
368 898 405 928 et
434 904 483 928 ne
510 891 598 940 quis
627 904 708 929 non
735 891 853 929 etiam
875 892 926 929 ad
948 890 1111 928 minima
1132 904 1314 941 quaeque
1341 892 1406 930 dei
1432 905 1500 942 pu-

89 963 188 993 taret
224 955 338 993 istam
374 955 658 1006 infatigabilem
694 956 984 1006 prouidentiam
1017 957 1234 1006 peruenire,
1268 972 1315 995 ex
1342 960 1497 1006 duobus,

89 1019 219 1069 inquit
239 1020 436 1067 dominus,
450 1023 672 1069 passeribus
698 1035 799 1059 unus
826 1035 898 1059 non
925 1024 1030 1060 cadet
1048 1024 1127 1059 sine
1136 1025 1271 1071 patris
1292 1026 1497 1071 uoluntate,

87 1087 155 1123 sed
181 1092 218 1123 et
246 1087 382 1134 capilli
409 1087 544 1135 capitis
574 1088 696 1124 uestri
720 1100 844 1124 omnes
873 1089 1071 1124 numerali
1094 1094 1185 1125 szml
1197 1103 1206 1135 3
1241 1088 1353 1126 cuius
1380 1088 1498 1127 etiam

88 1164 182 1189 cura
212 1159 249 1189 et
277 1151 528 1201 prouidentia
556 1154 822 1191 Israelitarum
853 1166 934 1191 non
965 1153 1055 1190 siuit
1085 1167 1148 1191 m‘c
1175 1160 1290 1191 uestes
1318 1156 1496 1202 consumi,
1523 1159 1566 1197 15

88 1230 152 1255 nec
183 1217 371 1256 uilissima
405 1219 446 1255 in
471 1219 634 1267 pedibus
666 1219 913 1256 calciamenta
947 1221 1074 1265 deleri,
1110 1220 1180 1257 sed
1215 1233 1289 1257 nec
1323 1219 1497 1269 ipsorum

87 1291 332 1332 postremum
360 1283 675 1322 adulescentium
698 1283 855 1333 captiua
882 1285 1063 1322 sarabara
1084 1285 1276 1323 comburi.
1336 1299 1409 1323 nec
1431 1285 1498 1323 im-

88 1349 251 1394 merito,
296 1362 388 1386 nam
429 1348 460 1386 si
500 1348 563 1386 hic
603 1348 738 1387 onmia
776 1350 1007 1398 complexus
1047 1357 1105 1387 est
1144 1352 1273 1388 ommia
1307 1351 1499 1388 continens

1525 837 1570 861 10

154 1441 169 1462 2
196 1431 342 1462 aduersis
359 1442 419 1462 ms.
438 1432 546 1462 XVow.
567 1432 653 1461 unde
661 1430 803 1471 fortasse
818 1432 989 1471 legendum
1008 1431 1141 1462 auersis.
1306 1443 1340 1471 15
1360 1433 1436 1463 siuit
1454 1444 1473 1462 α
1489 1445 1495 1464 2

85 1485 162 1516 sinit
179 1485 221 1516 al.
359 1486 392 1516 [8
411 1486 523 1516 onmia
540 1485 713 1516 continens
730 1496 750 1515 α
766 1485 939 1525 suppleuit.

88 1562 252 1593 ‘lavished
270 1573 359 1603 upon
380 1573 417 1593 us
434 1563 489 1593 the
509 1568 611 1593 stores
634 1562 671 1592 of
690 1562 755 1593 His

86 1605 266 1636 kindness.'
314 1606 375 1646 Cp.
393 1617 423 1636 n.
446 1616 488 1636 on
506 1616 537 1646 p.
557 1616 573 1645 3
592 1606 612 1636 l.
633 1616 660 1645 5.

131 1660 145 1679 2
153 1672 159 1678 .
221 1650 459 1688 instItutores]
514 1654 520 1665 ⁴
530 1649 720 1679 instructors
729 1648 735 1658 ’
748 1659 753 1679 z

83 1694 309 1730 μαθητεύσατε·
340 1694 447 1723 πάντα
478 1694 518 1722 τὰ.
553 1691 755 1728 ἕθνη..,διδά-

84 1747 212 1767 σκοντες
236 1737 334 1766 Matr.
361 1736 459 1766 xxviii
488 1746 535 1777 19.
585 1736 756 1777 Teaching

85 1780 292 1817 (διδασκαλία
319 1780 417 1809 Rom.
445 1779 488 1809 xii
519 1790 546 1819 7,
572 1779 754 1810 διδάσκαλοι

89 1834 99 1853 1
122 1823 198 1854 Cor.
220 1823 263 1853 xii
282 1824 331 1858 28,
355 1823 441 1863 Eph.
460 1823 490 1853 iv
512 1833 561 1858 11,
584 1833 594 1853 1
617 1823 704 1853 Tim.
720 1823 753 1853 iii

86 1865 115 1906 7)
134 1867 246 1897 stands
263 1877 340 1907 very
356 1866 435 1907 high
453 1877 574 1907 among
592 1866 646 1897 the
664 1866 752 1897 func-

84 1910 170 1940 tions
187 1910 224 1940 of
237 1910 292 1940 the
309 1910 483 1950 Apostolic
498 1910 668 1950 Ministry:
687 1910 753 1940 and

84 1953 247 1993 naturally
264 1953 296 1990 if,
314 1964 348 1984 as
367 1953 398 1984 S.
420 1954 460 1984 T.
476 1953 652 1994 Coleridge
670 1954 752 1988 said,

83 1997 156 2027 ‘the
174 1997 339 2027 Christian
355 1997 450 2027 Faith
464 1996 490 2027 is
504 1997 558 2027 the
573 1996 752 2037 perfectiori

83 2039 490 2080 ofhumanintelligence.’
518 2040 615 2070 Refer
627 2045 659 2070 to
672 2051 703 2081 p.
716 2050 752 2071 10

83 2083 102 2114 l.
128 2094 139 2114 1
166 2083 445 2118 ‘institutione1n,'
460 2083 540 2114 with
562 2089 650 2119 note,
668 2083 717 2113 for
734 2094 751 2113 a

82 2127 265 2158 somewhat
282 2127 433 2157 different
451 2137 506 2157 use
526 2127 562 2156 of
576 2127 630 2157 the
648 2127 750 2157 word.

127 2180 156 2209 3.
206 2170 267 2200 Mk
296 2170 348 2200 xvi
382 2180 416 2210 ¹5
444 2170 544 2210 Vulg.
575 2170 628 2200 ‘in
658 2181 749 2200 mun-

81 2214 159 2244 dum
178 2213 392 2244 uniuersum.⁷

125 2270 154 2296 4.
205 2257 311 2287 ‘That
335 2257 389 2287 the
414 2256 512 2296 lowly
529 2256 652 2287 human
678 2267 751 2287 race

81 2301 185 2341 might
229 2300 327 2331 know
374 2301 414 2331 its
459 2300 657 2330 Instructor'
701 2300 751 2335 (or

81 2343 298 2383 ‘Founder').
347 2343 418 2374 The
440 2343 629 2384 expression
655 2345 748 2374 ‘con-

79 2388 167 2418 dicio
183 2386 345 2418 humana'
367 2397 402 2417 or
429 2387 577 2427 ‘generis
598 2386 749 2417 humani’

77 2431 104 2462 is
121 2431 282 2472 frequent,
302 2430 384 2461 srorn
402 2430 519 2461 Cicero
535 2430 698 2465 onwards,
717 2430 749 2461 in

78 2474 134 2505 the
158 2484 251 2505 sense
275 2473 312 2504 of
336 2473 479 2504 ‘human
504 2479 619 2504 nature
644 2473 750 2504 under

78 2518 133 2549 the
151 2517 345 2548 limitations
361 2516 398 2547 of
410 2516 540 2557 frailty.’

869 1573 897 1601 5.
917 1565 947 1593 si
957 1564 1057 1599 sequi
1068 1564 1145 1602 cet.]
1165 1564 1371 1595 Henceforth
1386 1564 1496 1605 ifthey

824 1606 923 1636 chose
948 1612 981 1637 to
1007 1607 1118 1637 follow
1148 1607 1240 1645 Him,
1273 1608 1350 1648 they
1377 1608 1495 1639 should

826 1649 858 1679 in
898 1660 1013 1690 prayer
1051 1651 1185 1681 asldress
1225 1651 1300 1682 God
1339 1662 1375 1681 as
1413 1652 1497 1683 their

827 1693 958 1728 Father,
978 1693 1105 1724 instead
1127 1695 1165 1724 of
1176 1695 1298 1735 calling
1316 1695 1397 1725 Him
1419 1695 1495 1726 God

827 1735 937 1775 (Matt.
971 1737 1003 1767 vi
1030 1738 1075 1776 9).
1129 1737 1221 1768 Thus
1259 1749 1308 1768 we
1347 1739 1423 1769 read
1462 1739 1495 1769 in

823 1789 852 1810 c.
877 1780 975 1810 xxviii
1005 1781 1106 1821 ‘quod
1131 1781 1312 1821 praemium
1340 1792 1493 1813 consecu-

824 1828 913 1853 turus
953 1830 1048 1861 esset,
1088 1825 1235 1865 quisquis
1271 1825 1364 1856 illum
1403 1826 1495 1867 sequi

827 1866 1034 1903 ...uoluisset‚
1051 1872 1084 1897 ut
1099 1868 1210 1898 uidere
1222 1874 1347 1909 patrem
1361 1869 1494 1909 posset.'

867 1912 896 1941 8.
954 1911 1084 1949 exitus]
1134 1913 1140 1925 ‘
1158 1912 1368 1949 0ve1·throw‚’
1424 1923 1486 1953 eg.

823 1953 910 1993 Tyre
933 1954 998 1984 and
1025 1954 1186 1995 Babylon.
1262 1976 1265 1977 γ

870 2005 918 2026 12.
966 1998 1062 2028 Matt.
1092 2009 1110 2027 x
1140 2007 1190 2039 29,
1215 2009 1255 2038 30
1284 1999 1344 2039 vg.
1379 2003 1494 2040 ‘super

822 2045 939 2070 terram
959 2041 1028 2071 sine
1046 2041 1142 2071 Patre
1159 2042 1292 2072 uestro.'

869 2092 915 2122 15.
968 2085 1065 2114 Deut.
1092 2085 1147 2114 viii
1170 2098 1188 2123 4
1211 2085 1272 2125 vg.
1299 2086 1492 2117 ‘uestimen-

821 2130 889 2156 tum
934 2132 1280 2168 tuum...nequaquam
1329 2134 1492 2160 uetustate

821 2169 939 2200 defecit
954 2176 983 2200 et
998 2181 1058 2210 pes
1073 2176 1146 2201 tuus
1164 2182 1228 2201 non
1247 2177 1293 2202 est
1310 2172 1490 2203 subtritus.7

870 2222 915 2252 ¹7-
965 2214 1195 2252 postremum]
1223 2214 1361 2254 ‘lastly,'
1383 2217 1492 2247 marks

821 2256 875 2286 the
892 2256 1026 2287 climax:
1053 2257 1200 2288 classical
1218 2259 1425 2298 ‘postrema⁷

864 2300 904 2329 ib.
956 2301 1141 2339 sarabara]
1159 2301 1260 2338 (Dan.
1282 2301 1315 2332 iii
1333 2311 1373 2343 94
1391 2303 1490 2343 Vulg.

819 2343 982 2382 sarabala)
1022 2354 1040 2374 a
1080 2344 1271 2375 Chaldaean
1308 2346 1400 2376 word
1442 2346 1490 2377 sor

824 2386 960 2417 ‘hosen'
978 2397 1014 2417 or
1035 2387 1167 2418 Persian
1192 2388 1366 2419 breeches:
1394 2389 1489 2420 LXX

819 2428 999 2470 σαράβαρα.

866 2474 912 2503 18.
963 2475 1080 2504 omm'a
1090 2475 1286 2514 continens]
1309 2475 1436 2507 Wisd.i
1454 2486 1488 2517 7:

817 2526 870 2557 cp.
888 2526 920 2557 p.
940 2525 955 2556 7
975 2517 996 2548 l.
1015 2527 1046 2557 3.
