1727 2734
182 154 203 195 3
210 144 233 183 8
734 158 803 189 No
813 159 868 189 VA
879 159 1024 190 TJANJ
1514 163 1580 201 [xl

179 258 463 301 nuncupatum.
524 264 615 288 nam
651 264 731 300 quo
766 253 889 290 modo
919 260 987 300 est,
1019 266 1097 303 qua
1127 254 1258 300 homo,
1291 268 1337 292 ex
1366 255 1579 303 Abraham,

179 317 234 356 sic
261 325 319 356 est
344 316 473 363 etiam,
497 330 576 366 qua
602 318 710 363 deus,
734 323 820 354 ante
848 317 977 367 ipsum
1004 320 1220 357 Abraham.
1279 327 1317 358 et
1341 333 1421 370 quo
1446 322 1579 368 modo,

180 394 259 431 qua
278 383 412 429 homo,
433 381 549 430 filius
574 382 726 426 Dauid,
749 381 803 420 ita
821 384 999 420 dominus
1026 383 1169 431 Dauid,
1192 397 1271 433 qua
1297 386 1407 431 deus,
1433 399 1583 424 nuncu-

178 455 293 496 patus
323 454 392 484 est.
451 454 490 485 et
520 460 601 496 quo
631 448 763 494 modo,
794 460 872 497 qua
903 449 1036 494 homo,
1067 450 1135 486 sub
1160 452 1234 498 lege
1249 450 1384 498 factus
1414 458 1484 498 est,
1515 451 1580 499 ita,

135 523 154 560 5
178 525 257 562 qua
286 513 395 558 deus,
427 513 579 550 sabbati
602 514 779 550 dominus
808 526 1012 563 expressus
1042 521 1110 551 est.
1170 522 1208 553 et
1235 528 1315 565 quo
1342 516 1474 562 modo,
1504 528 1583 564 qua

177 579 310 624 homo,
348 577 583 616 sententiam
616 577 770 627 patitur,
808 579 864 616 sic
895 591 1027 621 omne,
1063 592 1140 628 qua
1174 580 1283 627 deus,
1320 581 1370 618 de
1403 579 1505 618 uiuis
1544 588 1583 618 et

178 642 341 681 mortuis
357 642 548 681 iudicium
565 644 710 681 habere
727 643 925 694 reperitur.
966 652 1003 681 et
1025 657 1104 693 quo
1126 646 1248 683 modo
1268 653 1357 695 post
1374 646 1580 692 mundum,

178 721 256 758 qua
294 709 427 755 homo,
470 709 652 756 nascitur,
703 709 758 747 sic
797 718 888 747 ante
932 711 1138 757 mundum,
1189 724 1267 760 qua
1314 712 1424 757 deus,
1463 711 1583 750 fuisse

176 774 414 824 perhibetur.
475 782 512 812 et
539 787 618 823 quo
646 775 769 812 modo
795 787 840 811 ex
868 776 1007 812 semine
1033 776 1183 820 Dauid,
1214 789 1291 825 qua
1317 777 1451 823 homo,
1478 776 1584 826 geni-

112 852 157 876 10
177 846 239 876 tus
256 846 324 885 est,
344 838 399 876 sic
420 838 513 877 item
526 845 601 887 per
619 840 755 887 zpszcm,
774 852 851 888 qua
871 839 1003 886 deum,
1022 841 1187 878 mumius
1206 840 1348 879 dicitur
1368 841 1579 880 institutus.

177 911 215 942 et
249 916 330 953 quo
362 904 494 950 modo,
532 916 610 953 qua
644 905 778 949 homo,
810 911 899 953 post
940 905 1096 950 multos,
1132 904 1197 951 sic,
1234 918 1312 954 qua
1350 907 1460 952 deus,
1489 914 1582 944 ante

176 981 343 1014 omnes3
372 976 411 1006 et
439 982 519 1018 quo
545 970 666 1007 modo
686 968 836 1015 ceteris,
860 982 937 1018 qua
958 970 1091 1015 homo,
1116 969 1282 1017 inferior,
1307 970 1362 1009 sic
1381 970 1579 1019 omnibus,

178 1046 256 1082 qua
276 1034 386 1078 deus,
410 1033 544 1071 maior.
604 1041 643 1071 et
668 1046 748 1082 quo
777 1034 898 1071 modo
925 1033 964 1071 in
995 1035 1160 1079 caelum,
1183 1048 1261 1084 qua
1287 1036 1420 1082 homo,
1448 1048 1583 1073 ascen-

176 1097 244 1145 dit,
282 1099 336 1135 sic
371 1097 477 1143 inde,
512 1111 590 1147 qua
623 1099 733 1144 deus,
770 1106 861 1136 ante
897 1098 1127 1145 descendit3
1171 1107 1209 1137 et
1248 1113 1328 1149 quo
1367 1101 1490 1138 modo
1528 1101 1584 1137 ad

110 1173 154 1211 15
166 1168 333 1212 patrem,
363 1176 441 1212 qua
471 1164 603 1210 homo,
627 1164 748 1211 uadit,
775 1163 830 1201 sic
857 1163 1076 1202 oboediens
1106 1164 1216 1214 patri,
1243 1178 1320 1214 qua
1350 1166 1462 1210 filius,
1488 1164 1582 1203 inde

176 1228 438 1266 descensurus
472 1236 541 1266 est.
600 1228 653 1266 ita
688 1228 719 1265 si
759 1228 1049 1266 mediocritates
1084 1228 1123 1266 in
1158 1229 1224 1267 illo
1258 1230 1481 1279 approbant
1511 1231 1581 1267 hu-

177 1305 335 1330 manam
384 1292 642 1342 fragilitatem,
688 1292 911 1330 maiestates
959 1292 997 1330 in
1046 1292 1113 1330 illo
1161 1294 1354 1331 affirmant
1402 1293 1579 1332 diuinam

176 1363 425 1406 potestatem.
496 1356 713 1405 periculum
749 1365 806 1394 est
841 1357 958 1404 enim,
996 1371 1086 1395 cum
1122 1366 1332 1407 utrumque
1361 1358 1466 1408 legis,
1499 1372 1580 1397 non

175 1428 388 1470 utrumque
416 1422 486 1459 sed
513 1423 679 1459 alterum
701 1422 925 1460 credidisse.
984 1436 1031 1461 ex
1058 1437 1138 1473 quo
1158 1424 1347 1473 quoniam
1369 1432 1579 1474 utrumque

106 1503 154 1526 20
174 1485 213 1524 in
236 1486 394 1525 Christo
415 1486 564 1536 legitur,
588 1494 799 1536 utrumque
827 1487 1008 1535 creditur,
1033 1496 1073 1525 ut
1101 1489 1199 1526 fides
1227 1488 1279 1526 ita
1303 1490 1466 1527 demum
1487 1503 1580 1528 uera

175 1551 235 1599 sit,
259 1552 289 1590 si
311 1560 349 1590 et
369 1553 542 1602 perfecta
563 1552 687 1591 fuerit.
748 1566 839 1591 nam
866 1553 897 1591 si
925 1567 970 1591 ex
992 1554 1160 1600 duobus,
1183 1556 1305 1592 altero
1332 1554 1371 1592 in
1397 1556 1475 1594 fide
1499 1569 1580 1594 ces—

175 1626 299 1662 sante,
335 1631 472 1664 unum,
507 1625 544 1655 et
580 1617 741 1667 quidem
777 1617 817 1656 id
852 1619 961 1667 quod
991 1626 1049 1656 est
1081 1618 1221 1665 minus,
1252 1620 1303 1657 ad
1333 1621 1577 1659 credendum

242 1714 252 1734 1
281 1715 347 1745 quo
363 1704 463 1734 modo
477 1704 548 1745 Ja.:
574 1704 743 1744 quomodo
761 1705 836 1735 edd.
877 1705 929 1736 Cf.
948 1716 980 1746 p.
999 1708 1029 1735 8.
1052 1705 1098 1736 16.
1238 1717 1275 1738 10
1299 1707 1343 1737 ita
1359 1719 1392 1746 γ,
1410 1708 1475 1739 aL:
1500 1709 1579 1740 item

173 1758 246 1789 We.
263 1770 269 1789 ε
295 1758 394 1789 etiam
408 1758 458 1798 Ja.

218 1845 246 1866 2.
293 1838 376 1866 ante
398 1836 515 1872 ipsum
538 1835 726 1875 Abraham]
750 1835 838 1876 John
911 1846 942 1876 p.
961 1837 1012 1875 58.
1036 1847 1071 1876 ¹4
1093 1837 1244 1872 ‘omnim'
1270 1837 1306 1868 16
1325 1842 1373 1870 ‘et
1392 1839 1534 1872 Ioannes
1547 1846 1578 1872 et

171 1878 227 1909 viii
254 1880 304 1917 58.
911 1879 1032 1910 ceteri.⁷

216 1932 310 1961 3—5.
365 1923 462 1952 Matt.
491 1933 532 1952 xx
558 1932 609 1961 31,
649 1922 723 1953 Gal.
753 1922 784 1952 iv
808 1936 838 1962 4,
958 1933 1004 1961 13,
1028 1934 1074 1962 ¹4·
1118 1923 1207 1964 John
1226 1925 1256 1954 vi
1274 1924 1326 1965 63,
1348 1925 1400 1956 xiv
1415 1928 1465 1957 28.

172 1965 267 1996 Luke
285 1965 315 1995 vi
331 1975 358 2004 5.
406 1965 450 1995 N.
468 1965 598 2005 ignores
616 1965 670 1996 the
688 1965 752 1996 fact
769 1966 839 1996 that
957 1965 1005 1996 16.
1051 1969 1326 2007 mediocritates]
1342 1969 1579 2002 ‘limitations'z

169 2008 225 2039 the
243 2009 448 2049 prerogative
464 2009 489 2039 is
506 2009 671 2049 expressly
688 2009 839 2049 assigned
910 2019 959 2050 cp.
997 2011 1126 2050 ‘populi
1159 2011 1333 2042 mediocris
1364 2019 1410 2044 est
1441 2013 1580 2052 sensus,’

170 2057 204 2082 to
221 2052 332 2084 Christ
349 2062 384 2082 as
401 2052 456 2083 the
479 2052 566 2084 ‘Son
584 2052 621 2082 of
638 2053 716 2083 Man
730 2052 748 2087 ’ς
772 2053 837 2082 and
910 2063 943 2093 p.
970 2063 1010 2084 20
1034 2053 1054 2083 l.
1082 2063 1101 2094 9
1126 2054 1204 2084 with
1229 2054 1285 2085 ref.

169 2095 226 2125 the
242 2106 332 2126 same
351 2106 426 2136 may
445 2096 486 2126 be
507 2095 578 2126 said
601 2095 638 2126 of
655 2096 709 2126 the
732 2096 838 2126 future
958 2106 1003 2137 19.
1053 2098 1220 2136 alterum]
1237 2111 1265 2124 =
1282 2098 1518 2132 ‘alterutrum’z
1542 2111 1580 2132 so

166 2138 347 2179 Judgment
365 2139 465 2179 (John
484 2149 502 2169 v
521 2138 586 2178 27).
909 2140 945 2169 de
965 2140 1034 2170 Cib.
1053 2141 1130 2170 lud.
1154 2141 1187 2171 iii
1216 2143 1285 2172 ‘aut
1304 2148 1578 2184 utrumque...aut

214 2181 244 2212 6.
294 2182 383 2222 John
412 2193 431 2212 v
460 2192 510 2217 21,
545 2191 601 2212 22:
906 2182 1147 2214 alte1·u¹11...aut
1171 2184 1346 2216 neutrum)

169 2224 313 2256 iudicare
334 2226 427 2256 uiuos
448 2230 480 2256 et
498 2225 659 2256 mortuos’
679 2226 785 2256 Creed
806 2225 840 2256 of
953 2237 1002 2257 21.
1049 2227 1133 2257 ‘For
1146 2227 1178 2265 if,
1196 2227 1296 2259 ofthe
1309 2235 1374 2259 two
1385 2230 1575 2271 principles,

648 2183 837 2212 ‘uenturum

168 2268 353 2299 Tertullian
368 2269 457 2309 (adu.
471 2269 574 2299 Prax.
592 2268 614 2308 i)
629 2269 694 2299 and
710 2270 838 2299 Roman

169 2312 287 2342 Creed.

214 2363 329 2394 7—12.
374 2355 463 2396 John
486 2355 550 2385 xvii
575 2365 603 2395 5,
641 2356 738 2386 Rom.
769 2355 777 2386 i
807 2366 836 2396 3,

165 2398 254 2439 John
273 2399 282 2428 i
304 2408 352 2435 10,
379 2400 462 2429 Acts
478 2410 496 2429 x
516 2397 567 2438 36.

217 2451 263 2472 12.
319 2442 459 2480 ceteris]
509 2442 622 2472 ‘other
653 2441 752 2477 men‚’
793 2442 836 2472 Is.

167 2485 215 2516 liii
241 2495 278 2524 3:
317 2484 513 2520 ‘onmibus,’
542 2485 605 2515 ‘all
634 2485 770 2525 beings'
801 2496 838 2516 or

167 2538 248 2559 even
289 2528 353 2558 ‘all
384 2527 520 2568 things.y
571 2529 633 2559 We
669 2539 744 2569 may
781 2539 832 2570 cp.

908 2269 963 2300 the
984 2281 1047 2301 one
1068 2281 1179 2301 comes
1200 2271 1289 2302 short
1311 2271 1348 2303 of
1365 2279 1573 2314 acceptance,

908 2313 1006 2344 while
1031 2313 1087 2344 the
1113 2314 1217 2349 other,
1243 2315 1307 2345 and
1335 2315 1406 2346 that
1434 2316 1488 2347 the
1514 2317 1577 2348 less

908 2356 1098 2397 important,
1127 2357 1154 2388 is
1188 2358 1363 2389 embraced
1398 2359 1429 2389 in
1464 2360 1574 2398 belief,

907 2399 962 2430 the
982 2399 1051 2430 rule
1068 2400 1105 2431 of
1124 2400 1211 2431 truth
1237 2401 1263 2431 is
1284 2401 1420 2442 therehy
1435 2410 1575 2440 overset.

906 2443 973 2473 and
1001 2443 1079 2474 such
1108 2445 1333 2484 presumption
1360 2445 1426 2476 will
1450 2452 1507 2477 not
1535 2447 1576 2479 be

906 2485 1005 2516 found
1042 2492 1076 2517 to
1107 2487 1190 2518 have
1221 2488 1363 2528 brought
1397 2489 1571 2528 salvation‚

906 2529 964 2560 but
978 2529 1010 2560 in
1029 2530 1122 2570 place
1140 2530 1269 2561 thereos
1281 2537 1314 2562 to
1331 2531 1414 2563 have
1431 2533 1573 2565 entailed
