1727 2734
116 166 196 204 XX]

526 167 598 196 DE
637 167 842 196 TRJNJTA
854 167 915 196 TE
945 167 1100 197 LIBER
1465 166 1515 207 75

114 258 153 296 in
181 272 379 310 synagoga
400 262 563 299 deorum
586 261 738 299 stetisse
759 261 911 308 dicitur,
935 263 1003 300 sed
1025 262 1142 299 etiam
1165 263 1262 300 deos
1289 262 1518 303 discernens

113 332 151 362 et
177 325 398 364 diiudicans
426 340 472 364 ex
500 327 638 365 eadem
664 327 842 365 lectionis
863 326 1094 365 auctoritate
1114 327 1295 376 aperitur.

1354 336 1392 365 at
1414 329 1443 366 si
1466 329 1519 367 illi

113 390 179 439 qui
201 396 398 441 tamquam
416 406 515 430 unus
534 393 577 429 de
588 394 829 441 prl'ncljpibus
843 394 987 429 cadunt
1005 392 1059 430 dii
1075 400 1207 431 tamen
1225 402 1516 444 nuncupantur,

113 458 238 494 multo
260 457 382 507 magis
403 459 501 495 deus
522 471 608 496 esse
629 458 791 503 dicetur,
815 458 881 507 qui
904 471 982 495 non
1004 466 1157 496 tantum
1186 466 1387 508 tamquam
1414 473 1515 498 unus

112 533 158 559 ex
174 521 416 572 principibus
434 537 513 561 non
531 524 646 570 cadit,
665 525 734 562 sed
752 523 880 574 ipsum
897 537 1056 573 quoque
1074 524 1244 562 malitiae
1260 533 1297 562 et
1314 533 1515 564 auctorem
1538 534 1557 572 5

112 591 150 621 et
179 584 396 635 principem
428 586 561 624 uincit.

626 600 727 636 quae
756 594 899 633 autem,
933 588 1093 632 malum,
1124 587 1222 625 ratio
1252 596 1321 634 est,
1354 596 1395 626 ut
1425 602 1516 626 cum

111 651 243 700 legant
272 653 348 689 hoc
376 652 494 690 etiam
527 654 657 702 Moysi
687 666 834 691 nomen
866 654 1015 698 datum,
1042 654 1136 691 dum
1169 654 1322 700 dicitur,
1348 657 1457 692 deum
1485 661 1520 692 te

101 714 224 760 posui
244 715 457 760 Pharaoni,
489 715 647 753 Christo
674 723 846 765 negetur,
871 715 936 765 qui
967 728 1047 753 non
1080 716 1275 754 Pharaoni
1306 718 1415 763 deus,
1446 719 1516 756 sed

111 777 319 817 uniuersae
339 787 539 818 creaturae
561 788 598 818 et
619 780 805 818 dominus
827 788 864 819 et
885 782 983 818 deus
1004 780 1242 819 constitutus
1263 795 1349 820 esse
1376 782 1517 831 reperi-

111 845 201 881 tur?
257 851 294 881 et
323 845 360 881 in
389 844 455 882 illo
486 845 646 894 quidem
674 847 750 883 hoc
778 859 924 883 nomen
952 853 1168 895 temperate
1195 847 1343 893 datum,
1372 848 1409 884 in
1439 848 1515 885 hoc
1540 859 1585 882 10

110 909 290 958 profuse:
329 908 368 946 in
398 909 465 946 illo
495 911 545 948 ad
575 923 812 957 mensuram,
844 910 883 948 in
914 911 990 948 hoc
1018 924 1134 960 supra
1161 925 1320 949 omnem
1350 912 1515 950 omnino

111 985 336 1012 mensuram
379 974 472 1023 (non
506 978 604 1011 enim
639 976 695 1011 ad
728 989 955 1022 mensuram,
990 975 1128 1026 inquit,
1164 977 1235 1013 dat
1258 977 1346 1025 filio
1379 983 1516 1026 pater:

99 1043 221 1086 pater
246 1040 357 1084 enim,
387 1038 525 1088 inquit,
554 1040 684 1087 dilzffl't
698 1040 875 1088 filz'um):
916 1040 954 1078 in
985 1041 1052 1078 illo
1084 1042 1134 1078 ad
1167 1049 1334 1091 tempus,
1367 1042 1405 1079 in
1437 1043 1514 1080 hoc
1548 1074 1552 1077 .

109 1101 194 1140 sine
214 1110 417 1152 tempore3
446 1103 571 1142 diuini
592 1104 697 1142 enim
723 1105 894 1143 nominis
915 1114 1153 1154 potestatem
1175 1115 1212 1144 et
1237 1120 1353 1156 super
1380 1107 1513 1145 omnia

108 1174 146 1204 et
166 1166 206 1204 in
228 1179 348 1205 omne
368 1175 523 1217 tempus
544 1169 706 1218 accepit.
750 1170 859 1218 quod
881 1168 922 1215 si,
942 1169 1008 1219 qui
1031 1170 1146 1208 unius
1168 1171 1339 1208 hominis
1359 1171 1513 1221 accepit
1537 1179 1579 1217 15

108 1239 356 1282 potestatem,
393 1232 432 1271 in
468 1235 542 1272 hac
576 1233 785 1284 exiguitate
824 1234 939 1272 huius
974 1236 1090 1273 datae
1124 1236 1329 1285 potestatis
1364 1251 1512 1276 nomen

108 1304 241 1336 tamen
276 1298 381 1337 istud
413 1299 478 1337 dei
507 1299 783 1338 incunctanter
811 1301 1077 1350 consequitur,
1111 1310 1260 1351 quanto
1292 1303 1414 1352 magis
1445 1304 1512 1353 qui

108 1361 147 1400 in
182 1363 310 1413 ipsum
347 1378 507 1414 quoque
544 1367 712 1415 Moysen
747 1366 868 1404 hahet
905 1374 1153 1416 potestatem,
1196 1368 1367 1406 nominis
1402 1368 1512 1407 istius

107 1428 381 1467 auctoritatem
413 1438 649 1468 consecutus
680 1444 764 1469 esse
795 1432 1005 1469 credetur?

349 1544 360 1564 1
390 1534 421 1564 in
440 1544 607 1574 synagoga
625 1535 687 1564 ins.
710 1534 782 1565 We.

152 1635 179 1654 2.
230 1633 272 1655 ex
295 1627 416 1655 eadem
439 1626 600 1655 lectionis
621 1626 773 1655 auetori-

105 1668 196 1706 tate]
219 1669 276 1708 ‘by
296 1668 350 1698 the
375 1668 540 1708 authority
557 1668 594 1698 of
610 1668 665 1698 the
682 1679 772 1699 same

106 1712 266 1752 passage.’
314 1712 380 1741 For
403 1711 456 1742 the
478 1711 561 1741 form
585 1711 622 1742 of
641 1722 771 1752 expres-

106 1756 177 1785 sion
195 1765 248 1795 cp.
267 1765 299 1795 p.
322 1755 368 1785 16.
391 1756 408 1785 8
430 1755 626 1795 ‘legitimam
646 1755 770 1796 propri-

105 1802 225 1829 etatem
243 1798 500 1839 appellationis.'

151 1852 178 1879 3.
228 1842 279 1871 Ps.
297 1841 387 1872 lxxxi
407 1841 534 1881 (lxxxii)
554 1850 582 1881 7.

172 1908 178 1914 .
225 1886 371 1924 malum]
407 1890 484 1915 note
516 1896 557 1915 on
591 1884 641 1915 ch.
678 1885 768 1923 xviii,

105 1938 136 1969 p.
155 1928 208 1968 133.
231 1929 278 1959 18.

151 1981 179 2010 7.
226 1972 334 2002 Exod.
351 1971 394 2001 vii
417 1983 441 2002 1.

147 2024 177 2054 9.
247 2015 476 2053 constitutus]
532 2025 576 2045 56.

105 2058 236 2089 Father.

151 2112 198 2133 10.
266 2101 322 2131 ‘In
355 2101 410 2131 the
450 2101 569 2132 former
606 2111 680 2131 case
715 2101 770 2132 the

102 2154 200 2175 name
224 2145 250 2175 is
273 2145 369 2185 given
390 2144 470 2175 with
492 2155 511 2175 a
533 2144 768 2184 qualification,

102 2188 137 2218 in
161 2188 215 2219 the
235 2189 330 2218 latter
356 2187 609 2227 unreservedly.'

149 2242 197 2262 12.
246 2239 316 2262 non
332 2233 425 2262 emm
440 2233 486 2261 ad
501 2231 562 2269 m.]
599 2231 650 2271 Jo.
669 2230 703 2261 iii
716 2241 767 2271 34,

628 2015 671 2055 by
715 2015 771 2046 the

102 2285 197 2350 35i6.
242 2320 281 2348 111
318 2320 384 2348 hac
422 2317 675 2355 exiguitate...]
716 2316 768 2347 ‘in

99 2361 185 2402 spite
209 2361 247 2392 of
266 2361 321 2392 the
343 2371 472 2391 narrow
488 2360 634 2391 confines
656 2360 694 2391 of
713 2360 768 2391 the

100 2415 213 2446 power
237 2405 334 2445 given
363 2404 444 2441 him,
479 2405 599 2434 attains
632 2409 664 2434 to
698 2404 766 2434 that

99 2459 196 2479 name
221 2448 258 2478 of
277 2459 296 2478 a
320 2448 396 2479 God
421 2447 559 2478 without
585 2458 647 2487 any
673 2457 766 2488 ques-

99 2491 201 2528 tion';
234 2491 281 2521 lit.
318 2491 473 2521 ‘without
501 2490 696 2521 hesitation’
724 2501 767 2521 on

100 2535 156 2567 the
177 2540 250 2576 part
274 2534 311 2565 of
331 2535 386 2565 the
410 2535 522 2565 sacred
548 2534 684 2564 writers.

879 1544 893 1564 2
921 1534 1080 1575 reperitur
1096 1536 1177 1566 cani.
1200 1536 1272 1566 We.

847 1667 958 1698 Christ
979 1669 1104 1707 proved
1124 1669 1163 1708 by
1190 1669 1281 1699 otlzea·
1307 1670 1510 1710 Srrzftm‘es:

843 1711 879 1740 in
907 1711 1013 1741 which
1042 1712 1096 1742 He
1120 1712 1229 1752 speaks
1253 1712 1293 1752 os
1310 1713 1362 1742 the
1385 1714 1515 1754 raising

841 1755 940 1793 again
957 1755 1055 1794 osthe
1070 1756 1184 1795 lemple
1200 1755 1239 1795 of
1256 1756 1319 1786 His
1334 1757 1427 1796 Bady
1442 1758 1515 1787 and

842 1798 907 1828 His
937 1798 1055 1838 taking
1083 1804 1128 1838 up
1157 1798 1197 1839 of
1222 1799 1287 1829 His
1311 1799 1369 1840 lq'fe
1393 1801 1507 1840 again.

846 1841 933 1880 Only
963 1841 1015 1870 the
1048 1842 1155 1876 l'Voml,
1182 1842 1235 1872 llze
1260 1843 1372 1882 [mage
1398 1845 1438 1883 of
1455 1844 1508 1874 tlte

841 1884 997 1914 lnvz'sl'hle
1016 1885 1092 1919 God,
1111 1885 1184 1915 who
1205 1896 1292 1916 (ame
1312 1887 1407 1916 dotem
1425 1891 1455 1916 to
1470 1887 1508 1918 do

839 1928 892 1957 llze
921 1927 1067 1957 Falller's
1089 1929 1170 1958 will.
1194 1930 1290 1959 could
1305 1930 1382 1961 tlms
1400 1931 1502 1969 speak.

841 1971 884 2011 lf
902 1971 955 2001 lle
986 1973 1013 2000 is
1044 1971 1096 2001 tlte
1127 1972 1369 2012 Fz'mt-bzgvllen
1397 1975 1435 2013 os
1460 1974 1511 2004 all

840 2015 990 2049 cremon,
1024 2015 1076 2044 He
1100 2020 1219 2044 catum!
1246 2016 1278 2046 be
1306 2027 1389 2046 merc
1415 2028 1505 2052 man,

841 2057 932 2087 made
947 2056 1034 2097 affer
1048 2058 1098 2087 all
1110 2060 1262 2088 maraon.
1315 2060 1380 2089 th·
1391 2060 1505 2090 Incar-

840 2101 955 2130 nalion
983 2101 1134 2140 explains
1164 2102 1208 2131 il:
1248 2102 1368 2142 though
1407 2103 1508 2142 before

838 2144 887 2174 all
911 2145 1065 2181 mention,
1092 2145 1144 2174 lle
1166 2156 1306 2175 assumes
1332 2147 1500 2178 manlmod.

838 2187 975 2217 Neitlzer
989 2187 1055 2217 st
1070 2188 1241 2218 Alanllood
1255 2199 1316 2218 nor
1333 2189 1401 2219 His
1426 2191 1504 2220 God-

838 2230 923 2260 head
937 2231 966 2260 is
982 2235 1012 2260 lo
1028 2231 1062 2260 be
1075 2232 1206 2261 denseri:
1229 2232 1280 2262 the
1295 2237 1357 2262 two
1372 2238 1506 2264 matures

838 2284 894 2303 are
909 2274 1076 2315 (enjoined
1087 2276 1123 2303 in
1137 2275 1232 2304 Hz'm.
1270 2276 1437 2316 'l'llerefore
1456 2278 1507 2307 He

838 2318 866 2346 is
889 2317 1057 2347 Mediator
1074 2318 1206 2348 belween
1230 2319 1299 2348 Ges!
1319 2320 1390 2348 and
1411 2331 1499 2351 man.

845 2360 947 2390 There
969 2361 996 2390 is
1019 2361 1086 2390 also
1109 2361 1162 2391 llle
1180 2367 1314 2402 passage
1339 2363 1451 2393 coloss.
1481 2364 1503 2394 ii

842 2414 889 2441 15,
917 2404 1023 2433 which
1052 2405 1162 2444 spcaks
1185 2405 1225 2444 of
1246 2406 1312 2435 His
1338 2407 1508 2447 slrzpping

837 2447 887 2488 qff
902 2447 954 2477 lhe
964 2447 1053 2487 fleslz
1066 2458 1080 2483 ‚·
1103 2448 1209 2477 wlziclz
1235 2449 1287 2478 He
1313 2450 1381 2479 took
1400 2451 1502 2489 again

836 2495 872 2519 at
888 2490 940 2520 the
956 2491 1193 2521 lx’esurrectz'on.
1247 2492 1278 2521 B
1273 2503 1300 2531 y
1311 2492 1363 2521 the
1368 2493 1462 2533 force
1472 2494 1512 2534 (ff

836 2538 944 2570 semus,
980 2535 1033 2564 He
1062 2539 1150 2564 must
1180 2535 1262 2565 have
1290 2536 1436 2576 stripped
1459 2536 1510 2578 qff

1050 1625 1118 1654 'l'lze
1149 1626 1273 1655 Diw'ne
1306 1627 1449 1666 stlajesly
1479 1626 1521 1667 of
