1727 2734
114 189 223 229 XIII]
527 191 599 221 DE
635 190 914 221 TRJNJTATE
943 190 1098 220 LIBER
1457 188 1512 228 43

111 283 208 322 illud
229 293 298 331 est,
321 285 430 334 quod
451 285 490 322 in
511 297 583 321 sua
604 286 718 329 uenit,
734 289 770 321 et
786 285 949 321 sulcum
970 296 1044 320 non
1065 288 1290 332 receperunt.
1349 285 1516 322 mundus

111 348 217 387 enim
229 357 306 399 per
323 351 447 398 ipsum
458 349 593 397 saclas
612 354 674 395 est,
691 354 727 386 et
746 349 912 386 mundus
930 362 1013 385 eum
1034 362 1109 385 non
1129 349 1308 396 cognouit.
1359 349 1514 385 uerbum

111 422 244 453 autem
274 416 351 453 hoc
379 419 464 452 erat
491 415 532 451 in
551 415 746 463 principio
775 414 882 463 apud
906 414 1027 460 deum,
1058 419 1094 450 et
1120 414 1209 450 deus
1237 419 1323 451 erat
1348 414 1511 450 uerbum.

111 480 198 529 quis
225 480 341 530 igitur
367 479 532 526 dubitet,
556 493 646 518 cum
674 479 713 517 in
741 487 913 517 extrema
936 486 1046 528 parte
1071 477 1223 525 dicitur,
1247 480 1402 515 uerbum
1428 491 1515 516 caro

98 545 251 594 factum
277 551 338 592 est,
367 551 402 582 et
427 545 621 582 habitauit
648 546 688 582 in
715 545 828 591 nobis,
852 543 1066 590 Christum,
1092 543 1204 581 cuius
1232 552 1290 582 est
1318 543 1512 590 natiuitas‚
1537 553 1555 590 5

110 618 149 648 et
169 610 262 661 quia
295 624 386 648 caro
421 612 546 649 factus
578 617 647 657 est,
679 622 764 648 esse
798 609 1014 656 hominem,
1047 617 1085 648 et
1115 609 1207 659 quia
1236 610 1401 648 uerbum
1437 609 1512 656 dei,

110 677 230 714 deum
252 676 527 713 incunctanter
547 674 701 713 edicere
722 687 807 713 esse
816 689 826 722 3
852 674 1080 724 praesertim
1108 688 1198 713 cum
1226 675 1516 713 animaduertat

109 739 340 790 scripturam
368 739 638 789 euangelicam
663 747 871 788 utramque
896 738 1011 777 istam
1039 739 1300 777 substantiam
1327 739 1367 777 in
1394 752 1514 777 unam

110 804 326 842 natiuitatis
357 804 504 843 Christi
532 805 756 842 foederasse
785 804 1070 842 concordiam?

194 870 274 907 Hic
303 878 362 908 est
393 869 499 908 enim
530 869 597 919 qui
631 870 729 906 sicut
755 876 912 918 sponsus
945 871 1135 917 agreditur
1167 871 1210 907 de
1238 871 1408 907 thalamo
1435 883 1512 917 suo,

110 936 323 972 exsultauit
341 940 384 971 ut
401 936 512 983 ι,ξιζςνας
535 936 591 972 ad
611 935 841 972 currendum
868 936 972 972 uiam
988 949 997 982 3
1027 949 1052 972 α
1075 949 1222 973 summo
1241 937 1341 973 caelo
1359 938 1515 985 egressio

109 1000 190 1037 eius
216 1005 252 1037 et
279 1013 392 1048 usque
423 1000 479 1037 ad
504 1013 694 1037 summum
727 1002 907 1048 regressio
936 1002 1025 1038 eius.
1085 1001 1275 1050 quoniam
1306 1015 1432 1052 usque
1463 1003 1514 1040 ad

110 1078 323 1113 summum,
357 1079 420 1103 nec
451 1067 653 1114 quisquam
684 1067 725 1103 in
757 1069 899 1104 caelum
930 1069 1104 1114 ascendit,
1143 1069 1222 1105 nisi
1251 1069 1321 1116 qm·
1347 1069 1391 1106 de
1418 1070 1515 1105 caelo

109 1131 303 1176 descendit,
322 1131 438 1179 filius
466 1132 639 1177 hominis,
671 1131 740 1178 qni
767 1136 821 1168 est
848 1132 889 1168 in
919 1133 1038 1177 caelis,
1065 1140 1247 1182 repetens
1278 1134 1355 1171 hoc
1382 1133 1512 1182 ipsum

110 1195 229 1234 dicit:
254 1201 383 1244 pater,
415 1196 582 1244 clartficcz
614 1209 670 1233 me
698 1209 736 1233 eo
764 1197 906 1234 honore
928 1210 1000 1246 quo
1015 1199 1092 1246 fui
1114 1200 1223 1246 apud
1247 1204 1281 1235 le
1310 1204 1513 1248 antequam

110 1264 277 1300 mundus
295 1268 393 1300 esset.
452 1275 498 1299 ac
523 1261 554 1299 si
579 1263 630 1300 de
651 1263 762 1299 caelo
789 1262 997 1300 descendit
1024 1263 1191 1301 uerbum
1213 1264 1289 1302 hoc
1311 1272 1513 1314 tamquam

483 1349 502 1380 6
526 1350 681 1391 quia...et
698 1350 790 1391 quia]
804 1356 947 1392 qua...et
964 1362 1028 1392 qua
1046 1351 1156 1382 Latin.

157 1443 183 1463 1.
227 1432 343 1473 Johni
365 1441 412 1469 10,
442 1442 474 1463 11
504 1432 602 1473 Vulg.
632 1433 680 1462 ‘in
703 1442 776 1473 pro—

109 1476 179 1516 pria
202 1475 316 1506 uenit.‘

155 1529 183 1549 2.
232 1519 319 1559 John
337 1519 346 1549 i
368 1529 394 1557 1,
416 1528 444 1548 2.

154 1577 183 1601 4.
232 1562 340 1592 ‘who
379 1573 438 1593 can
480 1562 617 1592 hesitate
651 1567 685 1593 to
722 1573 778 1602 say

839 1432 948 1473 Justin
969 1433 1060 1473 Apol.
1079 1433 1088 1464 i
1107 1444 1157 1473 54,
1171 1434 1267 1464 Dial.
1286 1432 1338 1473 64,
1358 1433 1410 1475 69.
1451 1435 1514 1466 See

843 1477 912 1506 also
940 1477 1031 1507 Tert.
1061 1477 1140 1507 adu.
1172 1478 1279 1507 Marc.
1306 1477 1337 1507 iv
1371 1488 1418 1512 11,
1447 1478 1513 1508 and

843 1520 943 1560 Cypr.
983 1521 1064 1550 Tesl.
1097 1520 1117 1550 ii
1154 1530 1200 1560 19.
1256 1521 1319 1551 But
1354 1521 1410 1552 the
1441 1522 1512 1552 best

841 1562 962 1593 known
976 1563 1122 1594 instance
1133 1563 1159 1594 is
1170 1564 1271 1594 found
1282 1564 1314 1594 in
1322 1564 1514 1596 Ambrose's

108 1615 198 1646 upon
229 1605 284 1636 the
315 1612 462 1636 moment
490 1605 559 1636 that
596 1605 778 1637 Christ...is

110 1649 191 1679 Man
208 1649 435 1680 and...God?’

153 1694 183 1724 8.
251 1695 439 1729 utramque
484 1693 648 1731 istam...]
699 1694 706 1706 ⁴
720 1692 778 1722 has

107 1736 290 1767 associated
315 1736 396 1766 both
423 1742 553 1766 matures
580 1736 611 1766 in
637 1736 692 1766 the
715 1746 778 1766 one

108 1779 268 1820 harmony
285 1779 322 1809 of
340 1779 480 1810 Christ's
499 1778 660 1819 nativity.’
705 1779 778 1809 The

110 1823 228 1864 phrase
253 1828 391 1863 utraque
414 1823 606 1860 substantia,
626 1822 732 1853 which
751 1823 777 1853 is

109 1866 189 1897 used
207 1867 250 1906 by
264 1866 458 1903 Tertullian,
475 1876 615 1907 appears
631 1872 666 1896 to
683 1876 777 1897 come

110 1909 284 1950 originally
300 1909 383 1939 from
400 1910 536 1940 Melito:
563 1920 616 1940 see
631 1909 731 1940 Loofs
744 1909 777 1939 in

111 1953 386 1993 Hauck-Herzog
403 1954 549 1983 Realevnn
570 1953 601 1982 iv
616 1952 667 1992 56.
705 1953 777 1983 The

113 1997 230 2026 ‘union
256 1996 293 2026 of
318 1996 373 2026 the
399 2002 464 2027 two
492 1995 641 2027 natures'
675 1996 700 2027 is
723 2007 776 2026 ex-

107 2040 241 2081 pressed
274 2039 438 2080 variously
473 2040 505 2069 in
541 2040 596 2070 the
630 2039 779 2070 Treatise

108 2084 152 2124 by
170 2083 225 2114 the
249 2083 356 2113 words
382 2083 596 2118 ‘concordia‚'
621 2083 777 2124 ‘permix-

108 2125 170 2157 tio'
189 2125 259 2166 (xi),
273 2127 487 2163 ‘contextus,'
502 2126 708 2161 ‘concretus,'
725 2128 777 2156 ‘ex

108 2175 248 2210 utroque
276 2170 433 2200 conexus‘
467 2168 582 2208 (xxiv),
617 2171 778 2199 ‘eommu-

107 2213 164 2244 nio
185 2212 405 2243 substantiae⁷
434 2212 524 2249 (xxxi
538 2212 634 2252 fin.)‚
659 2212 777 2243 ‘Verbi

109 2262 142 2288 et
169 2256 276 2287 carnis
303 2255 510 2287 coniunctio’
541 2255 633 2295 (xiv),
671 2256 779 2286 ‘Deus

108 2310 182 2331 cum
210 2299 344 2330 homine
371 2298 554 2340 copulatus’
581 2300 647 2336 (XV,
673 2298 776 2339 xxiii),

110 2343 345 2374 ‘eonfibulare‘
371 2342 489 2382 (xxiii).

157 2397 204 2418 10.
241 2388 333 2417 sieut
348 2386 512 2424 sponsus]
539 2386 611 2416 The
628 2385 777 2426 mystica]

107 2430 311 2471 application
333 2429 370 2460 of
392 2430 443 2460 Ps.
465 2428 544 2460 xviii
563 2428 642 2469 (xix)
666 2435 700 2459 to
722 2429 778 2460 the

111 2473 322 2505 Incarnation
350 2473 376 2504 is
400 2483 478 2513 very
500 2473 644 2503 ancient.
692 2473 722 2503 It
751 2473 777 2503 is

108 2516 211 2547 found
235 2517 267 2546 in
292 2516 378 2547 Iren.
400 2516 476 2546 adu.
497 2516 602 2546 Haer.
625 2516 656 2546 iv
682 2525 732 2555 55.
757 2529 776 2554 4

110 2560 175 2591 and
192 2561 234 2591 εἰς
258 2560 365 2590 Ἐπίδ.
384 2560 436 2598 85.
453 2559 518 2589 and
535 2565 589 2600 yet
605 2559 721 2590 earlier
743 2559 775 2589 in

847 1607 960 1646 Hymn
987 1607 1098 1641 ‘Veni‚
1119 1607 1323 1647 Redemptor
1342 1608 1488 1648 gentium
1504 1608 1511 1622 ’

913 1650 1082 1680 ‘Procedit
1106 1661 1123 1680 e
1147 1651 1293 1681 thalamo
1317 1662 1387 1689 suo,

930 1693 1065 1733 pudoris
1089 1693 1162 1724 aula
1187 1694 1287 1734 regia,

927 1737 1079 1777 geminae
1102 1737 1195 1777 gigas
1218 1737 1420 1769 substantiae

929 1780 1044 1810 alacris
1068 1786 1102 1810 ut
1126 1787 1232 1811 currat
1258 1781 1354 1811 uiam.

929 1834 1075 1863 egressus
1099 1824 1168 1854 eius
1191 1835 1210 1854 a
1237 1824 1342 1862 Patre,

929 1877 1092 1907 regressus
1116 1867 1185 1898 eius
1208 1867 1249 1898 ad
1276 1867 1430 1898 Patrem.’

843 1909 892 1941 Of
915 1921 1030 1941 course
1058 1911 1113 1941 the
1140 1911 1343 1951 application
1370 1918 1450 1942 rests
1478 1911 1510 1942 in

842 1959 914 1994 part
951 1964 1040 1994 upon
1071 1964 1090 1984 a
1121 1954 1445 1996 misunderstanding
1479 1955 1516 1985 of

843 1997 939 2035 ἄκρου
955 1998 1011 2027 τοῦ
1028 1998 1170 2033 οὐρανοῦ.

891 2050 938 2070 12.
972 2043 1138 2077 quoniam
1147 2049 1258 2077 usque
1269 2043 1313 2071 ad
1322 2043 1511 2080 summum]

843 2093 887 2113 sc.
925 2083 1150 2124 ‘regreditur‚‘
1182 2084 1261 2114 with
1291 2085 1396 2115 which
1430 2088 1510 2116 ‘nec

843 2126 1016 2167 quisquam
1080 2127 1227 2158 ascendit
1242 2127 1248 2138 ’
1290 2127 1316 2158 is
1356 2128 1509 2169 coupled,

847 2170 931 2200 ‘and
956 2169 1113 2200 because'
1137 2176 1199 2201 etc.
1246 2170 1319 2201 The
1347 2171 1511 2203 reference

843 2212 870 2243 is
888 2219 921 2243 to
935 2213 1024 2253 John
1042 2213 1075 2243 iii
1098 2224 1145 2253 13.

890 2266 939 2295 15.
984 2257 1128 2295 honore]
1164 2257 1253 2297 John
1278 2257 1343 2288 xvii
1370 2267 1385 2297 5
1411 2258 1510 2299 Vulg.

845 2299 1033 2330 ‘claritate'

890 2342 938 2374 16.
985 2351 1025 2373 ac
1064 2344 1095 2373 si
1131 2345 1174 2373 de
1205 2346 1300 2374 caelo
1330 2345 1408 2383 cet.]
1457 2344 1515 2376 ‘If

843 2385 907 2417 this
932 2386 1036 2416 VVord
1059 2386 1245 2417 descended
1275 2387 1357 2418 from
1382 2388 1509 2420 heaven

842 2440 878 2459 as
907 2440 927 2459 a
956 2430 1167 2470 bridegroom
1197 2435 1231 2460 to
1266 2430 1322 2461 the
1352 2431 1444 2467 flesh,
1476 2432 1510 2462 in

842 2473 938 2503 order
966 2473 1048 2508 that⁷
1074 2473 1117 2513 by
1145 2474 1314 2514 assuming
1336 2474 1428 2509 flesh‚
1455 2475 1510 2506 He

842 2515 947 2556 might
960 2527 995 2547 as
1008 2517 1076 2548 Son
1090 2516 1127 2547 of
1140 2517 1220 2547 Man
1237 2518 1357 2548 ascend
1375 2518 1506 2556 thither,

841 2559 977 2590 whence
1010 2560 1065 2590 He
1088 2560 1154 2590 had
1184 2561 1370 2592 descended
1395 2572 1430 2592 as
1455 2561 1511 2593 the

1540 878 1585 902 10
