1727 2734
128 511 147 548 5

104 839 150 864 10

105 1162 147 1198 15

174 144 230 174 20
725 142 794 173 ΝΟ
804 142 860 172 VA
870 141 1019 172 TIANI
1511 138 1576 179 [VI

171 239 331 278 diuinae
352 237 566 287 scripturae
587 237 637 275 de
657 242 972 285 temperamento
993 233 1263 283 dispositionis
1287 232 1575 283 cognoscimus.

171 303 368 354 parabolis
408 302 514 341 enim
549 302 693 346 adhuc,
724 300 944 339 secundum
976 298 1069 337 fidei
1098 306 1267 348 tempus,
1298 299 1348 336 de
1383 297 1459 336 deo
1492 310 1578 347 pro-

171 370 310 420 phetes
330 375 426 405 tunc
445 366 693 416 loquebatur,
715 377 798 402 non
818 364 1025 413 quomodo
1045 363 1142 401 deus
1166 370 1258 409 erat,
1282 363 1351 400 sed
1373 363 1578 412 quomodo

171 433 342 483 populus
372 443 513 481 capere
544 436 708 479 poterat.
769 436 810 465 ut
839 426 955 477 igitur
983 428 1081 465 haec
1111 426 1166 464 sic
1196 427 1246 465 de
1276 427 1352 464 deo
1383 425 1574 472 dicantur,

170 511 253 536 non
284 497 361 535 deo
393 496 464 534 sed
497 495 648 545 populo
679 492 811 543 potius
841 492 1067 542 imputetur.
1126 491 1182 529 sic
1211 499 1249 529 et
1278 491 1576 529 tabernaculum

170 562 317 612 erigere
338 561 487 611 populo
508 558 745 610 permittitur
752 572 761 605 3
786 570 860 596 nec
881 564 1014 595 tamen
1035 557 1133 594 deus
1157 555 1258 594 intra
1277 556 1576 594 tabernaculum

170 629 302 665 clusus
322 625 560 664 continetur.
618 623 673 661 sic
694 630 732 661 et
752 623 945 672 templum
966 620 1199 668 exstruitur3
1228 633 1302 659 nec
1322 627 1455 658 tamen
1479 620 1578 658 deus

170 693 271 730 intra
292 690 428 741 templi
455 689 656 740 angustias
683 687 848 726 omnino
876 686 1059 736 saepitur.
1117 699 1199 724 non
1226 685 1341 735 igitur
1367 684 1578 723 mediocris

170 765 228 796 est
249 757 358 802 deus,
381 756 451 794 sed
478 753 615 804 populi
643 751 853 791 mediocris
880 759 939 790 est
967 764 1104 789 sensus
1119 765 1129 798 3
1159 763 1233 789 nec
1253 757 1442 800 angustus
1466 750 1576 796 deus,

171 823 241 860 sed
270 820 432 859 rationis
461 818 598 869 populi
625 824 814 867 angustus
842 823 900 854 est
926 815 1150 853 intellectus
1176 813 1345 852 habitus
1404 812 1578 863 denique

171 887 210 925 in
239 884 468 935 euangelio:
500 885 623 921 ueniet
641 884 749 926 hora,
773 881 958 920 dominus
982 880 1124 928 aiebat,
1145 893 1227 918 cum
1254 891 1368 928 neque
1391 879 1432 916 in
1457 883 1579 916 monte

171 953 253 997 isto,
276 964 390 1000 neque
415 951 456 987 in
477 948 724 987 Hierusalem
751 947 962 984 adorabitis
980 951 1149 995 patrem,
1176 952 1213 983 et
1241 956 1378 982 causas
1405 942 1578 982 reddidit

171 1016 325 1055 dicens:
355 1016 515 1065 spiritus
543 1019 599 1051 est
623 1014 739 1056 deus:
768 1017 805 1049 et
831 1025 888 1049 eos
913 1024 995 1060 ergo
1021 1012 1091 1059 qui
1113 1012 1282 1048 adorant
1308 1011 1349 1047 in
1376 1009 1518 1058 spiritu
1544 1013 1581 1045 et

171 1082 333 1119 ueritate
357 1081 520 1117 adorare
543 1082 694 1127 oportet.
754 1075 951 1114 efficaciae
972 1075 1087 1125 igitur
1107 1074 1162 1113 ibi
1183 1073 1342 1112 diuinae
1366 1085 1434 1123 per
1458 1085 1579 1110 mem-

172 1147 239 1184 bra
268 1152 558 1183 monstrantur:
594 1155 675 1180 non
703 1141 862 1179 habitus
893 1140 967 1185 dei,
999 1153 1072 1178 nec
1103 1138 1320 1190 corporalia
1348 1137 1579 1176 liniamenta

170 1219 383 1261 ponuntur.
434 1222 526 1247 nam
549 1214 586 1245 et
607 1220 698 1245 cum
720 1205 824 1244 oculi
845 1205 1133 1249 describuntur,
1156 1205 1265 1254 quod
1285 1216 1424 1241 omnes
1447 1201 1579 1240 uideat

171 1275 418 1327 exprimitur3
458 1280 496 1312 et
526 1272 688 1322 quando
718 1270 831 1317 auris,
864 1271 973 1320 quod
1003 1269 1137 1308 omnia
1165 1270 1299 1307 audiat
1328 1266 1580 1318 proponitur;

171 1350 209 1380 et
239 1355 327 1380 curn
361 1339 518 1389 digitus,
551 1336 812 1387 significantia
843 1337 1039 1386 quaedam
1069 1333 1285 1373 uoluntatis
1314 1332 1503 1382 aperitur3
1541 1339 1579 1370 et

172 1420 263 1445 cum
285 1418 410 1449 nares,
432 1416 593 1453 precum
615 1401 727 1451 quasi
745 1402 912 1439 odorum
934 1400 1135 1450 perceptio
1156 1398 1377 1438 ostenditur
1390 1412 1399 1445 3
1429 1405 1466 1435 et
1486 1410 1578 1435 cum

172 1484 325 1517 manus,
348 1469 457 1520 quod
485 1475 685 1506 creaturae
712 1466 761 1504 sit
788 1465 918 1504 omnis
943 1473 1081 1503 auctor
1109 1464 1297 1515 probatur
1306 1477 1315 1510 3
1349 1470 1387 1500 et
1417 1463 1579 1512 quando

173 1535 415 1580 bracchium,
445 1533 555 1583 quod
585 1532 693 1569 nulla
722 1538 861 1569 natura
888 1538 1025 1569 contra
1055 1529 1174 1568 robur
1206 1527 1328 1578 ipsius
1363 1540 1579 1577 repugnare

305 1643 321 1674 7
347 1635 472 1665 clusus:
497 1636 577 1672 zap.
597 1641 648 1670 41.
669 1643 700 1669 4.
867 1630 904 1661 16
928 1640 1043 1660 omnes
1059 1640 1102 1668 ’γε
1128 1629 1173 1659 —ia
1190 1629 1277 1659 ullro
1292 1639 1373 1659 corr.
1390 1628 1447 1658 Pa.

956 1737 986 1762 4.
1011 1722 1233 1760 utigitur...]
1249 1721 1313 1752 ‘for
1326 1722 1405 1752 such
1416 1722 1578 1762 language

912 1765 1329 1806 losanthropomorphism]
1338 1765 1436 1806 being
1445 1765 1577 1806 applied

912 1815 945 1840 to
974 1809 1061 1844 God‚
1092 1810 1146 1840 the
1172 1809 1290 1850 people
1318 1809 1382 1838 and
1415 1815 1472 1839 not
1501 1809 1576 1840 God

175 1723 842 1759 mentumtenentes..‚iustamoderatione

175 1772 304 1812 agenda
331 1768 546 1800 librauimus.’
594 1768 657 1798 We
684 1768 767 1797 have
797 1767 841 1797 al-

176 1815 275 1855 ready
297 1813 362 1844 had
385 1823 426 1842 an
449 1811 600 1851 example
622 1810 659 1841 os
678 1811 843 1851 dispositio

176 1859 207 1889 in
237 1859 253 1895 ἓ
280 1867 296 1897 3
327 1860 433 1887 ‘certo
457 1855 589 1885 diuinae
618 1853 842 1894 dispositionis

177 1899 340 1932 examine’
374 1899 406 1929 in
439 1899 494 1929 the
526 1908 619 1928 sense
651 1897 688 1927 of
717 1897 841 1937 ‘provi-

175 1944 300 1975 dential
317 1942 493 1982 orde1·ing.’
539 1941 600 1981 Cp.
621 1941 658 1971 de
677 1941 744 1971 Cib.
763 1940 836 1970 lud.

181 2000 192 2019 2
229 1988 327 2018 ‘haec
365 1986 476 2016 omnia
514 1985 698 2025 gratia...et
732 1983 841 2024 dispo-

176 2032 294 2062 sitione
311 2030 435 2067 diuina,
454 2039 495 2059 ne
517 2034 572 2058 aut
596 2027 704 2058 minus
727 2027 841 2058 redde-

176 2082 265 2106 retur
308 2072 649 2104 robusffioribusmaut
701 2070 842 2111 amplius

176 2115 413 2149 tenerioribus.⁷
434 2116 472 2146 In
482 2115 536 2145 the
548 2120 678 2155 present
690 2124 838 2154 passage,

177 2159 400 2200 accordingly,
435 2159 480 2189 N.
515 2168 621 2189 seems
661 2164 694 2188 to
734 2168 840 2192 mean,

177 2205 265 2235 ‘The
283 2203 449 2243 meaning,
469 2213 505 2232 or
518 2201 678 2238 doctrine,
699 2200 736 2231 of
750 2200 842 2240 Holy

177 2248 344 2288 Scripture
362 2256 436 2286 may
453 2245 495 2275 be
511 2244 669 2285 gathered
686 2244 769 2274 from
788 2243 842 2274 the

177 2291 383 2322 considerate
412 2299 548 2319 manner
573 2288 605 2318 in
631 2287 737 2317 which
764 2287 787 2317 it
816 2287 842 2317 is

177 2333 375 2365 vouchsafed
393 2339 426 2363 to
442 2331 502 2362 us.‘

222 2388 250 2407 ἢ.
298 2378 488 2407 secundum
518 2376 541 2405 f.
577 2373 731 2412 tempus]
775 2375 841 2404 ‘ac-

176 2421 313 2461 cording
331 2427 364 2450 to
381 2419 436 2449 the
452 2418 567 2459 period
582 2417 720 2448 reached
738 2417 770 2446 in
788 2417 842 2446 the

177 2464 414 2504 development
438 2462 474 2492 os
495 2461 616 2498 saith';
650 2461 703 2491 i.e.
728 2471 763 2490 as
788 2460 843 2490 the

177 2519 238 2548 age
255 2518 321 2538 was
338 2505 476 2546 capable
493 2504 531 2534 os
545 2504 718 2544 believing.

912 1859 997 1883 must
1014 1854 1053 1883 be
1072 1852 1147 1883 held
1166 1852 1404 1882 accountable.'

956 1898 985 1927 8.
1056 1896 1255 1934 mediocris]
1325 1897 1332 1910 ‘
1347 1894 1462 1932 finite‚⁷
1526 1895 1573 1925 lit.

915 1940 922 1954 ‘
935 1939 1107 1979 ordinary*
1133 1950 1169 1969 or
1198 1942 1205 1953 ‘
1218 1937 1491 1979 commonplace.'
1513 1939 1577 1968 and

911 1993 947 2013 so
971 1983 1008 2013 de
1031 1983 1136 2013 Laud.
1162 1983 1310 2021 lllartyr.
1336 1983 1378 2017 ix,
1399 1982 1476 2012 xviii
1500 1981 1576 2012 ‘hu-

912 2036 1010 2056 mana
1037 2025 1278 2056 mediocritas’:
1306 2036 1357 2066 cp.
1391 2025 1576 2056 ‘mediocri-

912 2070 994 2105 tati‚'
1006 2069 1230 2100 Tertulladu.
1242 2070 1346 2099 Marc.
1362 2068 1383 2098 ii
1395 2079 1407 2099 2
1416 2079 1443 2108 7,
1453 2068 1576 2109 quoted

910 2118 1012 2154 supra
1028 2113 1077 2143 ch.
1100 2123 1130 2147 v,
1149 2112 1272 2142 introd.
1288 2108 1384 2142 note(

959 2165 1006 2187 10.
1056 2156 1244 2194 angustus]
1284 2155 1424 2196 (passive

915 2202 921 2216 ‘
936 2198 1139 2230 straitened.’

959 2252 1006 2274 11.
1055 2245 1175 2273 ueniet,
1190 2242 1292 2280 hora]
1331 2241 1383 2282 Jo.
1402 2241 1433 2271 iv
1454 2252 1502 2278 21,
1524 2251 1575 2280 ²4·

959 2295 1006 2325 14.
1043 2286 1227 2323 efficaciae]
1242 2283 1451 2326 “potencies'z
1468 2284 1576 2314 ‘habi-

912 2329 987 2367 tus,⁷
1014 2327 1259 2370 ‘appearance’
1317 2329 1389 2358 The
1409 2328 1578 2368 following

913 2383 1049 2414 passage
1080 2373 1106 2403 is
1137 2383 1155 2402 a
1187 2371 1250 2402 fine
1281 2371 1418 2402 desence
1449 2371 1485 2401 of
1521 2371 1576 2401 the

914 2420 920 2432 ⁴
935 2415 1282 2456 anthropomorphism
1295 2415 1301 2428 ³
1316 2415 1350 2445 os
1365 2414 1455 2455 Holy
1468 2414 1574 2455 Scrip-

913 2465 994 2490 ture.

1470 2156 1577 2192 sense)
