1727 2734
193 501 211 538 5

166 830 210 853 10

165 1152 206 1188 ¹5

168 1495 173 1499 ,
230 1467 347 1506 etiam
377 1466 408 1504 si
429 1467 510 1504 duo
532 1465 617 1503 sint.

232 128 286 177 98
786 139 855 171 No
865 140 920 170 VA
932 140 1077 170 TJANJ
1484 141 1637 180 [XXVII

234 232 421 282 quoniam
454 246 500 270 ex
530 240 638 282 patre
669 241 737 279 est,
771 233 961 282 quicquid
991 233 1088 272 illud
1118 241 1187 280 est,
1221 234 1322 272 filius
1351 242 1422 280 est,
1454 242 1640 273 manente

233 306 367 336 tamen
399 297 666 344 distinctione,
699 306 740 335 ut
771 310 852 335 non
882 298 930 336 sit
962 306 1072 348 pater
1104 298 1167 337 ille
1199 299 1266 349 qui
1296 299 1409 345 filius,
1441 299 1535 349 quia
1565 313 1639 338 nec

233 364 335 401 filius
363 362 426 400 ille
453 362 519 412 qui
547 370 658 412 pater
684 370 752 400 est.
812 375 886 400 nec
914 362 1020 400 enim
1047 376 1180 401 sumus
1199 363 1428 410 addidisset,
1458 365 1490 401 si
1514 377 1638 402 unum

232 443 273 467 se
294 437 332 466 et
356 427 573 465 solitarium
603 436 754 477 patrem
781 427 904 465 filium
933 429 1081 466 factum
1109 441 1194 467 esse
1222 429 1475 467 meminisset.

308 492 492 542 Denique
507 491 619 530 nouit
635 493 738 529 hanc
752 491 992 530 concordiae
1006 492 1197 531 unitatem
1213 501 1251 531 et
1264 495 1467 543 apostolus
1481 494 1637 539 Paulus,

232 571 322 595 cum
345 570 601 608 personarum
622 565 756 595 tamen
785 556 1052 596 distinctione.
1112 571 1203 595 nam
1226 572 1317 596 cum
1338 560 1389 596 ad
1410 558 1640 598 Corinthios

231 623 427 669 scriberet,
464 636 536 671 ego,
573 621 711 672 inquit,
746 623 945 671 plantam}
985 624 1126 672 Apollo
1164 624 1320 671 rigauit,
1362 625 1428 661 sed
1460 625 1551 661 deus
1583 625 1640 661 in—

230 694 453 726 crementum
481 688 591 725 dedit.
650 688 778 735 itaque
805 700 920 736 neque
944 689 1014 735 qui
1027 689 1191 736 plantat
1214 694 1270 725 est
1290 690 1501 737 quicquam,
1525 702 1641 738 neque

230 755 299 802 qui
327 755 440 802 rugat,
477 752 540 790 scd
569 753 639 800 qui
668 753 937 789 incrementum
969 754 1040 789 dat
1065 754 1164 790 deus.
1223 755 1294 801 qui
1318 759 1443 792 antem
1463 756 1636 802 plantat,

230 824 264 856 et
289 821 359 868 qui
387 820 499 867 rigat,
534 831 651 856 mmm
680 824 779 855 sunt.
839 818 926 867 quis
960 826 1093 856 autem
1124 832 1204 857 non
1239 818 1440 869 intellegat
1472 820 1638 857 alterum

229 897 315 922 esse
333 884 490 933 Apollo,
514 884 680 921 alterum
703 884 882 930 Paulum,
905 896 986 921 non
1008 884 1180 921 eundem
1201 892 1321 933 atque
1341 885 1470 934 ipsum
1492 885 1639 933 Apollo

229 948 372 999 pariter
403 956 441 987 et
475 948 672 986 Paulum?
740 948 914 997 denique
949 955 986 986 et
1021 948 1177 986 diuersa
1206 947 1517 998 uniuscuiusque
1547 956 1638 987 sunt

230 1013 358 1052 officia
379 1014 552 1063 prolata:
583 1014 680 1050 alter
700 1011 806 1049 enim
834 1013 904 1060 qm·
916 1014 1087 1061 plantat,
1112 1020 1149 1050 et
1176 1013 1273 1050 alter
1299 1013 1369 1060 qui
1392 1014 1504 1061 ngat.
1564 1013 1637 1050 hos

230 1087 364 1117 tamen
385 1079 497 1124 duos,
522 1090 602 1115 non
624 1077 733 1126 quod
755 1090 855 1114 unus
875 1077 934 1123 sit,
957 1078 1027 1115 sed
1049 1078 1157 1127 quod
1178 1090 1297 1114 unum
1322 1076 1411 1124 sint,
1433 1077 1639 1127 proposuit

231 1144 435 1193 apostolus
457 1143 614 1187 Paulus,
637 1149 679 1178 ut
700 1143 795 1179 alter
816 1141 977 1190 quidem
1000 1141 1047 1179 sit
1069 1142 1224 1191 Apollo,
1247 1142 1344 1179 alter
1364 1155 1459 1179 uero
1480 1142 1636 1187 Paulus,

230 1216 424 1258 quantum
445 1208 496 1245 ad
513 1219 770 1256 personarum
788 1206 1083 1244 distinctionem
1102 1206 1289 1256 pertinet3
1316 1203 1526 1257 [quantum
1544 1219 1638 1244 uero

229 1274 280 1311 ad
320 1271 576 1311 concordiam
616 1268 813 1322 pertinet],
855 1284 974 1307 mmm
1015 1271 1136 1308 ambo
1176 1271 1262 1309 sint.
1340 1283 1432 1308 nam
1475 1272 1638 1320 quando

229 1339 400 1377 duorum
425 1349 504 1374 una
532 1336 728 1374 sententia
755 1344 823 1382 est,
852 1335 994 1373 ueritas
1022 1349 1100 1373 una
1124 1344 1193 1383 est,
1226 1337 1324 1373 fides
1354 1349 1433 1373 una
1461 1343 1531 1380 est,
1559 1349 1639 1373 una

229 1411 348 1452 atque
368 1403 509 1440 eadem
531 1400 665 1451 religio
687 1408 754 1447 est,
779 1414 881 1439 unus
902 1400 1019 1438 etiam
1049 1400 1113 1439 dei
1141 1400 1258 1438 timor
1285 1408 1353 1446 est,
1381 1413 1505 1438 unum
1533 1409 1636 1445 sunt,

683 1465 812 1515 ipsum
844 1474 945 1513 sunt,
975 1467 1071 1504 dum
1102 1465 1231 1515 ipsum
1262 1464 1430 1514 sapiunt.
1489 1464 1637 1503 etenim

229 1545 329 1583 quos
364 1544 556 1581 personae
587 1530 684 1568 ratio
719 1530 891 1568 inuicem
924 1530 1078 1577 diuidit,
1111 1531 1274 1568 eosdem
1305 1543 1435 1568 rursus
1464 1529 1636 1569 inuicem

229 1596 427 1647 religionis
462 1596 560 1634 ratio
595 1595 797 1633 conducit.
873 1603 910 1633 et
946 1595 1127 1645 quamuis
1158 1595 1263 1633 idem
1294 1603 1413 1644 atque
1448 1595 1521 1645 ipsi
1556 1609 1637 1634 non

229 1663 319 1709 sint,
340 1663 436 1701 dum
458 1662 565 1700 idem
587 1661 772 1707 sentiunt,
803 1661 931 1711 ipsum
961 1668 1074 1707 sunt3
1105 1668 1142 1698 et
1170 1673 1260 1698 cum
1289 1661 1369 1698 duo
1397 1659 1485 1707 sint,
1514 1673 1638 1698 unum

268 1743 303 1775 16
328 1750 487 1785 quantum
507 1754 585 1774 uero
602 1743 643 1773 ad
662 1753 688 1773 c.
712 1743 853 1783 pertinet
870 1743 931 1773 ins.
953 1743 1002 1784 Ja.
1102 1753 1138 1782 23
1165 1743 1271 1783 ipsum
1298 1743 1342 1772 Pa
1359 1754 1398 1773 ex
1415 1752 1453 1772 a:
1480 1743 1542 1783 ipsi
1558 1743 1601 1773 al.

230 1823 310 1854 than
336 1821 520 1852 ‘societatis
544 1820 742 1851 concordia.⁷
799 1819 900 1850 Refer

230 1872 265 1897 to
292 1865 418 1896 Introd.
444 1866 460 1901 ἓ
479 1874 494 1904 5
514 1864 534 1901 i,
554 1875 610 1905 pp.
630 1863 719 1900 xlvii,
741 1863 841 1893 xlviii.

281 1920 306 1939 1.
364 1909 531 1945 quicquid
571 1909 660 1937 illud
701 1907 769 1945 est]
827 1906 900 1936 The

231 1959 345 1983 neuter
362 1953 453 1992 gives
469 1951 524 1981 the
542 1951 635 1981 effect
656 1950 692 1980 of
712 1950 901 1990 something

969 1820 1065 1860 bring
1096 1826 1150 1850 out
1186 1819 1241 1850 the
1273 1825 1416 1850 contrast
1448 1819 1485 1849 os
1514 1819 1638 1850 ‘unus'

970 1863 1047 1893 with
1068 1862 1210 1900 ‘unum‚>
1228 1863 1335 1893 which
1349 1863 1404 1893 the
1417 1864 1513 1893 latter
1526 1863 1635 1893 would

970 1906 1052 1937 have
1073 1906 1232 1937 forfeited.

1017 1949 1064 1981 16.
1112 1950 1297 1988 [quantum
1345 1957 1428 1979 uero
1469 1951 1515 1979 ad
1559 1957 1635 1980 con-

231 1995 339 2026 whieh
370 2000 491 2025 cannot
519 1994 656 2034 entirely
687 1994 727 2023 be
755 1992 898 2029 defined,

231 2040 297 2070 and
330 2039 413 2069 need
445 2044 501 2068 not
530 2037 622 2077 (with
654 2036 830 2076 Welchm.)
861 2037 901 2067 be

233 2083 356 2113 altered
390 2088 423 2112 to
454 2082 517 2111 ille.
567 2083 628 2121 Cp.
664 2080 696 2110 iv
728 2091 757 2120 p.
800 2090 846 2119 15.
882 2089 897 2118 7

234 2125 411 2167 ‘quicquid
451 2135 520 2155 esse
556 2130 661 2165 potest
695 2123 783 2164 quod
820 2124 900 2153 deus

233 2168 306 2206 est‚'
324 2180 342 2199 v
360 2179 392 2209 p.
422 2170 468 2199 18.
494 2178 522 2208 7,
549 2168 578 2197 vi
602 2178 634 2208 p.
664 2177 711 2197 21.
737 2167 899 2207 17‘quic-

234 2213 313 2254 quid
330 2211 411 2242 illud
428 2219 474 2242 est
493 2210 602 2241 totus.'

280 2266 305 2295 7.
356 2254 642 2292 ego...p1antaui]
669 2264 679 2283 1
701 2253 776 2284 Cor.
799 2253 831 2283 iii
849 2252 878 2283 6.

282 2309 329 2330 11.
374 2306 444 2328 non
467 2300 614 2328 eundem
638 2297 703 2337 sq.]
736 2297 806 2327 ‘the
830 2296 902 2326 self-

234 2353 322 2372 same
340 2352 457 2382 person
474 2342 500 2371 is
518 2347 573 2371 not
591 2341 721 2381 equally
741 2340 819 2370 Paul
837 2340 901 2369 and

234 2384 398 2426 Apollos.⁷
422 2384 574 2425 Cp.note
585 2394 626 2413 on
639 2383 899 2423 xxiv‚p.86.14.

284 2439 330 2467 14.
380 2428 453 2458 The
478 2426 603 2467 ‘quod’
627 2427 848 2457 construction
875 2426 900 2456 is

236 2471 398 2513 preferred
418 2478 451 2501 to
469 2471 523 2500 the
541 2481 631 2500 m‹›re
648 2471 774 2499 normal
793 2469 898 2499 inlini-

236 2516 301 2546 tive
324 2514 544 2545 construction
569 2513 675 2544 ‘esst-,⁴
695 2524 724 2542 ιι)
749 2513 843 2543 order
867 2519 899 2542 to

969 1995 1124 2023 cordiam
1147 1993 1316 2030 pertinet]
1337 1993 1495 2033 Jackson,
1513 1992 1637 2023 follow-

970 2037 1027 2076 ing
1060 2036 1218 2073 Latinius,
1250 2036 1364 2066 inserts
1396 2036 1486 2066 these
1518 2036 1637 2066 words.

972 2079 1148 2119 Evidently
1156 2080 1210 2110 the
1222 2079 1509 2110 homoeoteleuton
1518 2079 1635 2110 caused

971 2123 1024 2154 the
1038 2124 1193 2153 omission
1213 2122 1248 2153 of
1262 2123 1317 2153 the
1334 2123 1454 2153 clause.

1016 2176 1066 2197 20.
1113 2167 1229 2202 ipsum
1272 2168 1365 2201 sunt,
1401 2168 1484 2196 dum
1521 2166 1638 2202 ipsum

971 2210 1129 2247 sapiunt]
1153 2211 1249 2249 ‘they
1271 2220 1324 2240 are
1349 2209 1402 2239 the
1425 2219 1513 2240 same
1532 2209 1636 2249 thing,

973 2253 1073 2293 being
1104 2253 1140 2283 of
1167 2253 1222 2283 the
1253 2263 1342 2283 same
1373 2251 1507 2282 mind':
1548 2257 1636 2292 post-

973 2296 1118 2327 classical
1145 2307 1201 2326 use
1228 2295 1264 2325 of
1292 2296 1365 2336 ipse.
1414 2294 1631 2335 ‘Sapiunt’z

973 2341 1153 2377 φρονοῦσιν.

1016 2394 1064 2413 21.
1120 2383 1200 2412 ‘For
1213 2382 1305 2412 those
1319 2382 1427 2412 whom
1439 2381 1640 2422 personality

970 2426 1109 2462 divides,
1159 2426 1294 2466 religion
1337 2425 1447 2465 brings
1489 2425 1640 2465 together

970 2478 1085 2510 agam:
