1727 2734
198 137 218 177 3
227 137 249 165 2
753 137 821 168 No
831 137 887 167 VA
898 137 977 167 ΗΑ
981 136 1043 167 Ν]
1547 137 1597 176 [Χ

196 243 316 279 quare
346 229 462 268 talis?
495 230 559 267 uel
589 241 667 278 qua
696 227 830 266 uenire
859 226 1052 277 potuisti?
1085 228 1149 265 uel
1178 240 1298 276 quare
1327 241 1408 266 non
1432 229 1484 266 ad
1507 235 1599 266 tuos

194 294 322 343 abisti,
354 294 428 332 nisi
462 294 571 343 quod
606 292 782 343 probasti
816 300 905 330 tuos
936 305 1017 330 non
1052 291 1208 339 habere,
1241 294 1337 331 dum
1367 294 1417 331 ad
1446 293 1599 332 alienos

195 358 337 398 uenis?
366 358 463 408 quid
483 357 555 395 tibi
575 370 666 395 cum
688 357 840 394 mundo
861 355 1075 394 creatoris?
1103 355 1199 405 quid
1226 356 1296 394 tibi
1323 370 1413 395 cum
1435 357 1598 395 homine

194 423 439 463 conditoris?
469 422 566 472 quid
595 421 666 460 tibi
696 435 786 459 cum
817 422 1007 471 figmento
1036 421 1220 471 corporis,
1250 421 1312 460 cui
1342 422 1457 472 eripis
1484 435 1596 473 spem

153 499 172 536 5
195 488 517 528 resurrectionis?
546 488 643 537 quid
663 488 713 525 ad
734 486 906 524 alienum
932 485 1043 524 uenis
1071 487 1273 534 famulum,
1299 487 1472 525 alienum
1497 486 1601 525 solli-

195 555 313 593 citare
344 553 544 592 desideras
576 552 730 590 filium?
764 551 860 601 quid
892 565 955 590 me
986 565 1009 589 a
1040 552 1205 590 domino
1236 552 1384 602 eripere
1415 552 1601 591 conaris?

195 620 291 670 quid
312 633 375 658 me
395 619 435 657 in
456 627 608 669 patrem
628 618 902 667 blasphemare
922 625 1041 666 atque
1061 616 1226 667 impium
1252 630 1337 655 esse
1363 617 1568 667 compellis
1581 619 1601 655 ?

195 693 262 723 aut
283 686 379 734 quid
399 697 486 722 sum
507 697 530 721 a
550 691 588 721 te
608 683 647 721 in
669 681 953 721 resurrectione
973 690 1268 730 consecuturus,
1295 684 1363 733 qui
1384 696 1447 721 me
1466 682 1598 732 ipsum

195 762 277 787 non
315 748 473 799 recipio,
515 749 611 786 dum
651 761 793 798 corpus
827 748 966 785 amitto
987 748 1004 784 ?
1051 747 1081 784 si
1126 749 1277 786 saluare
1321 747 1391 794 uis,
1439 747 1600 786 fecisses

130 827 176 851 10
194 813 397 851 hominem
429 813 491 851 cui
518 813 684 851 salutern
712 813 835 850 dares.
895 811 926 849 si
953 824 975 849 a
1001 811 1147 850 delicto
1177 811 1324 861 eripere
1353 811 1476 862 cupis,
1506 820 1601 851 ante

195 878 293 916 mihi
322 892 372 916 ne
401 877 673 927 delinquerem
703 875 948 914 contulisses.
1005 877 1113 926 quod
1142 884 1274 915 autem
1305 885 1435 915 tecum
1468 877 1600 914 suffra·

193 943 302 994 gium
332 942 557 981 circumfers
588 941 712 991 legis?
742 942 850 990 quod
885 941 1007 979 habes
1042 940 1311 979 testimonium
1344 941 1599 991 propheticae

195 1008 337 1047 uocis?
366 1015 433 1046 aut
454 1006 550 1057 quid
572 1006 667 1044 mihi
687 1019 850 1056 possum
872 1007 921 1044 de
948 1014 986 1044 te
1010 1006 1181 1044 solidum
1203 1006 1482 1057 repromittere,
1505 1020 1597 1045 cum

194 1081 232 1111 te
254 1073 411 1112 uideam
433 1071 473 1110 in
500 1073 776 1122 phantasmate
803 1079 841 1109 et
867 1085 949 1109 non
976 1071 1015 1109 in
1043 1072 1239 1110 soliditate
1269 1072 1453 1111 uenisse?
1500 1072 1599 1123 quid

130 1149 172 1186 15
195 1151 286 1188 ergo
307 1137 378 1176 tibi
398 1150 489 1175 cum
514 1137 635 1186 figura
655 1137 840 1185 corporis,
860 1136 890 1173 si
907 1149 1048 1186 corpus
1065 1137 1182 1175 odisti
1199 1138 1214 1174 ?
1243 1136 1365 1175 immo
1386 1137 1599 1175 reuinceris

195 1203 369 1253 corporis
396 1203 505 1252 quod
532 1201 650 1240 odisti
677 1201 927 1239 circumferre
957 1201 1230 1249 substantiam,
1259 1201 1372 1240 cuius
1399 1202 1599 1252 suscipere

194 1268 354 1306 uoluisti
381 1267 499 1306 etiam
530 1268 716 1316 figuram:
753 1266 883 1304 odisse
914 1265 1019 1303 enim
1050 1265 1243 1304 debueras
1271 1266 1444 1315 corporis
1474 1266 1599 1304 imita-

195 1332 356 1377 tionem,
380 1331 410 1369 si
432 1333 571 1370 oderas
592 1330 808 1369 ueritatem.
868 1330 1056 1380 quoniam
1083 1331 1113 1368 si
1137 1332 1233 1369 alter
1259 1344 1310 1377 es,
1333 1330 1443 1369 aliter
1463 1330 1599 1369 uenire

197 1472 336 1512 cording
366 1478 400 1502 to
433 1471 602 1502 Marcion:
644 1481 696 1511 cp.
729 1469 868 1500 Tertull.

198 1517 275 1547 adu.
301 1516 409 1546 Μυῒ.
435 1515 466 1545 iv
495 1525 527 1546 11
557 1514 681 1544 ‘subito
705 1512 866 1550 Christus,

197 1560 307 1591 subito
335 1566 365 1590 et
394 1559 555 1589 Ioannes:
590 1557 635 1588 sic
660 1562 735 1587 sunt
760 1556 871 1587 onmia

198 1604 286 1643 apud
301 1600 532 1633 Marcionem.’

247 1658 270 1677 1.
333 1653 403 1683 qua
440 1647 561 1675 uenire
603 1644 767 1682 potuisti]

201 1691 287 1720 what
312 1688 424 1729 way?'

247 1744 273 1764 π.
335 1734 405 1762 nisi
443 1733 536 1768 quod
567 1730 741 1768 probasti]
776 1729 870 1760 ‘Nisi

199 1777 287 1818 quod
302 1775 308 1787 ’
331 1776 394 1806 and
419 1775 499 1805 'nisi
526 1772 705 1814 quoniani‚’
728 1773 794 1803 like
816 1773 871 1803 the

928 1476 962 1500 to
978 1470 1052 1511 give
1069 1470 1254 1502 salvation.‘
1302 1472 1488 1508 ‘Fecisses‚'
1508 1474 1599 1514 ‘past

925 1513 1063 1553 jussive'
1095 1514 1311 1554 subjunctive,
1342 1526 1377 1546 as
1408 1516 1600 1546 sometimes

929 1558 962 1587 in
981 1557 1115 1588 Cicero:
1134 1568 1171 1589 so
1188 1559 1221 1588 in
1235 1565 1311 1589 next
1329 1565 1492 1596 sentence,
1518 1561 1597 1599 ‘you

928 1600 1047 1631 should
1081 1601 1165 1632 have
1204 1602 1372 1632 bestowed
1407 1613 1449 1632 on
1481 1613 1533 1633 me
1565 1602 1599 1633 in

928 1644 1074 1675 advance
1106 1655 1147 1674 an
1174 1645 1349 1685 immunity
1375 1646 1502 1686 against
1533 1646 1598 1676 sin-

929 1688 1031 1728 ning.'
1078 1688 1110 1718 A
1134 1688 1271 1719 Docetic
1294 1688 1403 1720 Christ
1426 1689 1523 1720 could
1541 1695 1599 1720 not

929 1730 1013 1761 have
1037 1731 1140 1761 either
1156 1731 1295 1762 suffered
1318 1732 1367 1762 for
1386 1743 1445 1762 our
1463 1732 1540 1769 sins,
1561 1743 1599 1763 01·

930 1774 1014 1804 risen
1037 1774 1069 1804 in
1088 1774 1142 1805 the
1164 1774 1243 1805 flesh
1260 1774 1310 1805 for
1327 1775 1381 1806 the
1403 1776 1547 1816 promise
1565 1776 1601 1806 of

808 1643 871 1683 ‘by

200 1819 348 1851 Classical
371 1819 446 1849 ‘nisi
465 1816 568 1853 forte‚’
583 1817 713 1857 append
732 1816 787 1847 the
800 1822 870 1846 true

200 1862 413 1894 alternative:
452 1862 527 1891 ‘but
557 1860 611 1891 the
641 1859 706 1891 real
733 1860 822 1890 truth
845 1860 871 1890 is

201 1907 271 1938 that
289 1905 362 1937 etc.’

247 1961 275 1990 3.
323 1957 401 1979 cum
422 1950 561 1978 homine
587 1946 631 1985 c.]
659 1946 754 1976 ‘with
783 1956 870 1979 man,

202 1994 256 2024 the
275 1991 422 2023 Maker‘s
444 1991 551 2021 work:
582 1989 661 2020 with
677 2000 695 2020 a
717 1989 872 2020 makebe-

203 2038 286 2068 lieve
297 2035 418 2075 body’:
437 2045 467 2064 v.
481 2033 573 2075 iufra
584 2044 616 2074 p.
634 2033 719 2074 3311.
738 2043 871 2072 10—15.

247 2092 276 2120 5.
322 2081 476 2110 alienum
489 2077 675 2115 famulum]
701 2077 763 2117 Cp.
780 2076 872 2106 ‘alie-

203 2134 281 2154 num
299 2121 444 2153 seruum’
464 2122 560 2151 Rom.
580 2120 632 2150 xiv
647 2133 677 2158 4.

247 2169 277 2198 8.
325 2167 386 2203 qui
407 2173 462 2195 me
488 2166 605 2201 ipsum
632 2172 702 2193 non
728 2163 873 2201 recipio]

204 2211 253 2240 ‘in
271 2210 340 2240 that
360 2210 373 2239 1
393 2209 436 2239 do
453 2214 510 2238 not
525 2217 657 2238 recover
670 2206 791 2246 mysels
805 2208 873 2246 (my

204 2253 358 2295 personal
370 2251 521 2291 identity)
534 2251 566 2281 in
579 2250 686 2290 losing
698 2260 752 2290 my
760 2248 872 2290 body.²

204 2298 276 2328 The
293 2297 381 2337 hope
398 2295 464 2325 osa
482 2294 594 2333 bodily
614 2294 829 2324 resurrection
847 2293 874 2323 is

204 2340 325 2380 clearly
355 2339 465 2369 bound
498 2349 541 2378 up
569 2337 648 2367 with
677 2337 732 2366 the
760 2336 874 2376 bodily

207 2382 438 2414 Resurrection
472 2381 508 2411 of
541 2381 596 2411 the
629 2380 717 2410 Lord
751 2380 782 2409 in
818 2379 874 2410 the

204 2427 294 2458 mind
320 2426 356 2456 os
376 2425 420 2455 all
445 2424 610 2465 primitive
634 2423 827 2455 Christians.

248 2481 277 2512 9.
329 2469 380 2499 ‘If
411 2479 474 2508 you
507 2467 588 2497 wish
618 2472 651 2497 to
689 2477 778 2503 save,
809 2476 872 2506 you

202 2513 306 2555 ought
319 2518 353 2543 to
369 2512 453 2542 have
470 2511 566 2541 made
583 2520 601 2540 a
618 2520 694 2540 man
713 2516 746 2540 to
763 2509 871 2539 whom

929 1828 987 1848 our
1004 1818 1228 1856 imniortality.

977 1869 1023 1891 11.
1075 1862 1296 1900 suffragium]
1337 1874 1365 1887 =
1395 1861 1598 1903 suffragatio-

929 1913 1016 1940 nem,
1049 1904 1225 1945 ‘support’

978 1956 1026 1986 15.
1073 1948 1201 1985 figura]
1227 1948 1296 1978 *the
1321 1949 1467 1978 outward
1489 1948 1598 1979 sor1n.'

932 1990 969 2020 St
985 1990 1093 2021 Paul's
1106 1992 1219 2029 σχῆμα
1234 1989 1271 2022 ὠς
1284 1993 1448 2030 ἄνθρωπος
1463 1992 1561 2031 (Phil.
1577 1992 1597 2022 ii

933 2042 961 2073 7,
979 2034 1088 2065 where
1109 2034 1263 2065 however
1283 2035 1337 2065 the
1356 2036 1463 2074 μορφὴ
1485 2036 1600 2065 δούλου

930 2077 956 2107 is
973 2077 1042 2108 also
1059 2077 1236 2108 attributed
1255 2084 1288 2108 to
1306 2078 1441 2117 Christ).

975 2121 1015 2150 ib.
1061 2121 1267 2159 reuineeris]
1297 2127 1361 2151 ‘art
1386 2121 1542 2162 proved’:
1577 2121 1605 2152 if

932 2163 987 2194 the
1004 2169 1075 2194 true
1093 2164 1202 2195 Christ
1219 2165 1317 2195 hated
1335 2164 1390 2195 the
1407 2165 1520 2206 reality
1534 2166 1599 2196 ot'a

931 2207 1032 2247 body,
1061 2208 1116 2238 He
1144 2208 1252 2237 would
1280 2208 1363 2238 have
1388 2207 1486 2238 hated
1517 2219 1599 2239 even

931 2250 972 2281 its
990 2251 1189 2281 semblance.
1236 2251 1308 2281 The
1322 2257 1492 2291 argument
1507 2257 1598 2282 turns

932 2304 975 2323 on
1003 2294 1067 2324 His
1095 2295 1195 2334 being
1227 2294 1373 2324 Himself
1396 2294 1450 2325 the
1479 2294 1596 2325 Truth.

929 2337 1075 2378 Jackson
1098 2343 1214 2378 quotes
1235 2337 1372 2367 Tertull.
1392 2338 1469 2367 adu.
1488 2338 1598 2368 stlarc.

931 2380 965 2410 iii
992 2391 1028 2411 10
1052 2384 1124 2411 ‘cur
1145 2381 1232 2411 enim
1256 2391 1321 2410 non
1347 2381 1378 2410 in
1402 2381 1511 2421 aliqua
1535 2382 1599 2412 alia

930 2424 1080 2463 digniore
1119 2424 1301 2454 substantia
1345 2424 1446 2461 uenit,
1489 2430 1520 2455 et
1564 2425 1597 2456 in

931 2467 1047 2508 primis
1071 2477 1138 2501 sua,
1157 2477 1197 2497 ne
1221 2473 1250 2497 et
1276 2467 1413 2507 indigna
1436 2473 1466 2498 et
1491 2468 1600 2499 aliena

930 2510 1095 2541 uideretur
1111 2509 1273 2551 eguisse?'
