1727 2734
102 174 202 215 xvi]
514 177 583 206 ms
620 175 900 206 J'MNJJ'A'J'E
932 175 1085 205 ΗΒΕΑ
1454 172 1505 212 57

183 270 221 307 si
262 271 383 309 homo
415 271 695 308 tantummodo
731 268 924 314 Christus,
957 269 1162 318 quomodo
1193 268 1310 306 dicit:
1346 274 1382 305 et
1409 283 1510 306 mmc

100 335 306 384 honorifica
338 349 392 372 me
417 337 546 383 gloria
566 349 682 383 quczm
703 335 883 371 habebam
903 335 1010 382 apud
1033 339 1066 370 te
1080 334 1315 382 priusquam
1343 336 1508 372 mundus

100 402 215 437 esset?
272 400 302 437 si
330 408 543 449 antequam
574 400 745 437 mundus
773 406 874 436 esset
895 398 1057 448 gloriam
1087 398 1224 436 habuit
1249 400 1357 448 apud
1385 400 1503 437 deum

100 471 137 500 et
159 463 373 501 claritatem
396 463 521 501 tenuit
542 464 649 513 apud
670 471 832 512 patrem,
856 470 947 500 ante
969 463 1163 500 mundum
1186 463 1273 500 suit:
1305 476 1378 500 nec
1399 463 1504 501 enim

100 528 301 566 habuisset
330 528 504 577 gloriam,
538 528 611 565 nisi
644 528 727 577 ipse
757 527 862 578 prius
893 528 1038 574 fuisset,
1074 527 1141 577 qui
1172 527 1335 577 gloriam
1372 536 1505 578 posset
1527 541 1545 578 5

100 602 243 632 tenere.
286 608 406 632 nemo
427 595 532 632 enim
556 595 700 632 habere
720 593 869 643 aliquid
890 595 1044 643 poterit,
1068 593 1141 631 nisi
1162 602 1254 632 ante
1275 594 1357 643 ipse
1379 594 1504 637 fuerit,

99 659 165 709 (elui
181 659 331 709 aliquid
353 668 470 698 tenet.
512 661 581 698 sed
603 659 708 698 enim
731 659 911 698 Christus
932 659 1052 696 habet
1068 658 1230 708 gloriam
1252 667 1343 697 ante
1366 659 1504 697 mundi

99 725 406 772 institutionem3
423 739 514 775 ergo
528 733 619 763 ante
635 724 922 763 institutionem
939 724 1077 762 mundi
1092 724 1174 761 fuit.
1205 723 1278 761 nisi
1293 724 1398 762 enim
1413 732 1505 762 ante

99 790 387 829 institutionem
419 791 557 829 mundi
588 799 700 837 esset,
730 799 821 828 ante
853 790 991 828 mundi
1021 789 1308 828 institutionem
1339 790 1502 839 gloriam

99 856 244 894 habere
266 870 346 894 non
364 865 507 906 posset,
523 870 614 893 curn
632 856 714 905 ipse
732 870 811 894 non
828 864 941 894 esset.
984 856 1053 893 sed
1074 855 1180 893 enim
1197 856 1319 893 homo
1339 855 1501 905 gloriam

97 929 189 960 ante
211 922 349 960 mundi
370 922 657 960 institutionem
680 923 823 960 habere
845 935 925 960 non
947 921 1085 971 potuit,
1109 921 1175 970 qui
1197 930 1285 971 post
1307 923 1502 960 mundum

99 987 186 1025 fuit:
210 988 389 1027 Christus
402 996 533 1026 autem
550 987 704 1026 habuit:
732 996 823 1026 ante
837 989 1029 1026 mundum
1047 987 1161 1037 igitur
1174 987 1256 1025 fuit.
1291 1001 1371 1026 non
1389 988 1504 1038 igitur

98 1054 219 1091 homo
241 1055 520 1092 tantummodo
542 1054 622 1100 fuit,
642 1054 707 1103 qui
729 1062 820 1092 ante
842 1054 1036 1091 mundum
1058 1054 1147 1090 fuit:
1177 1053 1275 1090 deus
1297 1060 1354 1090 est
1376 1053 1501 1103 igitur,

97 1119 285 1169 quoniam
312 1129 403 1158 ante
432 1121 627 1158 mundum
658 1119 729 1157 fuit
758 1128 796 1158 et
825 1119 987 1169 gloriam
1017 1127 1108 1157 ante
1138 1120 1332 1157 mundum
1364 1120 1500 1158 tenuit.

97 1197 170 1222 nec
200 1185 506 1234 praedestinatio
536 1185 609 1222 ista
638 1185 801 1231 dicatur,
826 1185 1015 1234 quoniam
1047 1197 1121 1222 nec
1149 1183 1277 1233 posita
1307 1192 1376 1222 est.
1435 1193 1503 1223 aut

96 1251 246 1288 addant
267 1251 343 1288 hoc
365 1250 431 1300 qui
448 1252 524 1288 hoc
545 1258 696 1300 putant.
738 1251 807 1288 sed
825 1263 898 1287 uae
915 1256 973 1287 est
989 1248 1264 1295 adicientibus,
1283 1262 1363 1298 quo
1381 1251 1502 1287 modo

96 1322 134 1352 et
166 1314 476 1360 detrahentibus,
514 1313 699 1364 positum.
762 1326 842 1351 non
877 1320 1006 1362 potest
1034 1326 1125 1362 ergo
1160 1311 1237 1350 dici
1273 1314 1381 1362 quod
1421 1327 1501 1351 non

96 1387 225 1429 potest
269 1380 382 1419 adici.
445 1380 598 1418 sublata
640 1394 731 1430 ergo
772 1379 1142 1429 praedestinatione,
1183 1392 1285 1429 quae
1324 1393 1405 1418 non
1444 1388 1502 1418 est

96 1445 234 1494 posita,
267 1445 305 1482 in
341 1445 559 1483 substantia
589 1445 659 1483 fuit
692 1445 871 1484 Christus
905 1451 996 1482 ante
1029 1444 1168 1483 mundi
1199 1444 1498 1483 institutionem.

97 1512 252 1548 uerbum
279 1517 333 1548 est
360 1511 465 1549 enim
483 1519 560 1560 per
584 1513 685 1560 quod
698 1511 810 1559 facta
830 1515 921 1546 ἱππί
938 1511 1077 1554 omnia,
1100 1516 1136 1547 et
1159 1511 1240 1547 sine
1262 1523 1335 1558 quo
1348 1511 1501 1559 factum

95 1577 273 1614 estnihil.
334 1576 522 1625 quoniam
548 1584 585 1614 et
617 1575 647 1614 si
675 1576 714 1613 in
741 1574 1101 1625 praedestinatione
1128 1574 1270 1612 dicitur
1296 1575 1498 1624 gloriosus,

95 1649 133 1679 et
167 1649 258 1679 ante
298 1641 436 1679 mundi
475 1641 762 1679 institutionem
796 1640 914 1678 fuisse
953 1640 1364 1689 praedestinationem,
1402 1642 1501 1678 ordo

96 1714 282 1751 seruetur,
301 1713 338 1744 et
359 1714 450 1744 ante
471 1707 576 1743 hunc
597 1706 668 1744 erit
690 1707 837 1743 multus
855 1718 1040 1742 numerus
1057 1704 1264 1742 hominum
1282 1705 1321 1742 in
1337 1705 1499 1754 gloriam

402 1770 529 1809 minor
568 1770 672 1809 enim
713 1784 782 1820 per
820 1770 933 1808 istam
974 1770 1279 1808 destinationem
1321 1770 1500 1809 Christus

1220 1848 1310 1872 nam
1341 1835 1373 1872 si
1402 1836 1500 1873 haec

1527 870 1575 893 10

1527 1197 1572 1235 15

1525 1527 1574 1552 20

95 1771 323 1809 destinatus.

94 1835 231 1874 ceteris
262 1835 517 1885 intellegetur,
545 1835 689 1885 quibus
720 1834 912 1885 posterior
938 1835 1159 1872 denotatur.

1523 1849 1569 1887 25

278 1952 292 1981 7
318 1942 432 1972 habuit
449 1953 530 1972 [077¹.
552 1942 625 1972 We.
788 1952 826 1981 ²5
853 1941 1062 1981 intellegetur
1079 1953 1098 1971 α
1114 1954 1120 1972 :
1147 1941 1224 1971 -itur
1240 1952 1263 1980 ’γ
1279 1943 1321 1980 al.

876 2037 925 2057 21.
977 2026 1096 2057 ‘Since
1121 2037 1202 2057 even
1227 2027 1364 2066 granted
1388 2027 1457 2057 that
1476 2027 1498 2057 it

830 2070 856 2100 is
874 2070 906 2100 in
924 2070 1182 2110 predestination
1199 2069 1268 2100 that
1284 2070 1338 2100 He
1356 2071 1381 2100 is
1392 2070 1498 2100 called

829 2113 985 2153 glorioris,
1010 2113 1074 2142 and
1092 2113 1162 2143 that
1180 2113 1203 2143 it
1220 2113 1246 2142 is
1264 2113 1332 2143 said
1351 2113 1420 2143 that
1445 2113 1499 2144 the

141 2037 166 2056 1.
222 2026 275 2066 Jo.
310 2026 374 2056 xvii
408 2036 423 2065 5
452 2026 550 2066 Vulg.
586 2027 645 2057 ‘Et
674 2037 760 2057 nunc

92 2069 235 2126 clarifica
281 2080 332 2099 me
383 2069 611 2100 tu...claritate
660 2080 759 2110 quam

92 2113 203 2143 habuL

142 2167 151 2186 1
161 2166 189 2195 5.
218 2158 335 2192 posita
345 2156 413 2193 est]
427 2156 435 2170 ‘
444 2156 611 2196 expressly
622 2155 741 2187 stated'
753 2165 760 2186 ε

93 2200 135 2230 cf.
155 2210 185 2240 p.
204 2198 256 2237 64.
275 2209 294 2239 9
321 2199 414 2239 ‘quia
439 2199 529 2229 Deus
547 2199 672 2240 positus
690 2199 760 2230 est!

94 2244 138 2275 So
164 2242 391 2282 immediately
421 2242 540 2279 below,
578 2242 760 2283 ‘positum’

93 2287 230 2317 denotes
258 2286 333 2316 ‘the
358 2286 486 2316 written
511 2286 626 2316 word.'

141 2328 187 2360 16.

91 2373 164 2414 quis
195 2372 531 2412 apposuerit...siquis
569 2372 757 2403 diminuerit

92 2417 132 2446 de
149 2415 279 2446 uerbis.³
327 2416 387 2456 Cp.
412 2416 509 2446 Dent.
531 2416 563 2445 iv
582 2426 610 2453 2,
638 2416 680 2446 xii
700 2426 757 2455 δυ

93 2460 189 2490 Prov.
207 2470 269 2489 xxx
288 2458 317 2495 6,
340 2469 388 2498 13.
436 2459 499 2489 But
520 2458 574 2489 the
591 2459 681 2490 word
699 2469 759 2489 uae

93 2502 187 2541 (οὐαί)
204 2503 284 2533 does
300 2507 357 2532 not
374 2512 471 2533 occur
487 2502 519 2533 in
537 2512 600 2542 any
618 2502 655 2533 os
668 2502 758 2533 these

91 2546 211 2587 places.

237 2330 342 2369 Apoc.
365 2328 431 2358 xxii
453 2329 500 2366 18,
529 2338 566 2369 19
582 2329 682 2369 Vulg.
703 2329 761 2359 ‘si-

831 2156 1090 2197 predestination
1114 2166 1181 2186 was
1204 2156 1315 2186 before
1335 2156 1389 2187 the
1406 2156 1499 2187 soun-

830 2200 944 2230 dation
958 2199 1059 2230 ofthe
1072 2199 1186 2235 world,
1203 2199 1257 2229 the
1269 2200 1365 2230 order
1375 2199 1498 2231 oftime

832 2248 917 2273 must
950 2243 990 2273 be
1018 2241 1196 2273 observed’
1226 2248 1287 2273 etc.
1347 2243 1412 2273 For
1444 2243 1499 2274 the

831 2286 919 2317 force
937 2286 973 2316 of
986 2286 1041 2316 the
1058 2285 1264 2325 subjunctive
1280 2292 1428 2316 seruetur
1442 2298 1494 2327 cp.

835 2328 998 2360 ‘dicatur'
1015 2329 1047 2359 in
1065 2329 1130 2359 line
1150 2339 1198 2360 20.

874 2383 924 2412 ²3·
972 2372 1034 2413 Cp.
1058 2373 1146 2402 Heb.
1167 2372 1188 2402 ii
1210 2382 1258 2402 10.

875 2426 923 2455 ²5·
972 2416 1174 2454 denotatur]
1210 2415 1435 2456 ‘designated’
1463 2427 1498 2447 as

828 2458 860 2488 in
895 2469 951 2500 pp.
980 2468 1008 2498 7.
1033 2460 1063 2496 8,
1098 2469 1142 2498 ¹3·
1174 2469 1221 2497 14,
1256 2459 1321 2489 and
1352 2460 1389 2490 cle
1424 2460 1492 2490 Cib.

827 2502 904 2532 lud.
926 2502 947 2532 ii
973 2502 1180 2533 ‘inconstans
1199 2502 1303 2533 uideri
1324 2503 1497 2533 denotabi-

828 2552 900 2577 tur.'
