1727 2734
104 177 225 217 xvn]
514 178 586 208 DE
622 177 829 208 TRJNJTA
841 177 903 208 TE
936 176 1088 207 LIBER
1456 171 1507 212 59

103 274 228 322 {psum
243 274 356 323 facta
377 279 477 320 sunt,
499 280 536 311 et
552 275 634 311 sine
658 274 736 323 {pso
751 274 902 322 factum
922 278 974 310 est
991 272 1108 318 m'lzil3
1136 271 1348 321 prophetes
1374 277 1505 308 autem

103 339 241 376 refert:
285 339 364 376 dico
401 352 462 387 ego
499 345 610 387 opera
651 352 731 375 mea
769 339 870 387 νςξίς
915 338 1075 386 Moyses
1118 343 1251 374 autem
1293 334 1507 373 introducit

102 403 409 453 praecipientem
442 404 561 442 deum
598 411 639 441 ut
673 405 738 440 lux
773 404 839 441 fiat
877 402 916 440 in
951 401 1096 452 primis,
1130 402 1283 439 caelum
1320 401 1504 445 firmetur,

101 480 228 516 aquae
249 475 544 517 congregentur,
562 467 670 505 arida
691 467 931 513 ostendatur,
950 467 1098 503 fructus
1119 466 1338 503 secundum
1356 463 1507 502 semina

102 540 350 582 prouocetur‚
387 532 572 570 animalia
606 533 884 582 producantur,
916 530 1122 569 luminaria
1160 529 1199 567 in
1239 531 1349 567 caelo
1387 538 1505 579 atque

100 604 205 634 astra
237 604 453 646 ponantur,
496 610 575 634 non
614 596 734 634 alium
774 595 948 634 ostendit
983 602 1078 632 tunc
1115 594 1287 632 adfuisse
1327 595 1403 632 deo
1443 594 1505 632 cui

100 661 418 711 praeciperentur
442 663 539 700 haec
564 675 683 711 opera
710 669 752 700 ut
779 662 928 706 fierent,
951 660 1024 698 nisi
1052 673 1143 698 eum
1166 667 1242 709 per
1268 660 1505 708 quemfacta

98 732 192 764 slent
221 728 360 774 omnia,
392 733 427 764 et
458 728 538 765 sine
571 741 643 775 quo
663 727 815 776 flatum
849 731 902 763 est
932 726 1038 763 nihil.
1099 738 1146 763 ac
1180 725 1211 763 si
1243 725 1306 763 hic
1337 725 1503 763 uerbum

100 791 165 829 dei
182 799 240 829 est
259 792 366 841 (nam
383 793 571 829 eructavit
589 805 651 829 cor
666 805 786 829 meum
803 792 958 828 uerbum
974 791 1128 839 bonnm)
1145 789 1319 828 ostendit
1340 791 1381 827 in
1392 791 1504 838 prin-

96 858 192 905 εἰμὶ)
224 859 376 894 uerbum
394 858 532 905 fuisse,
565 865 602 895 et
633 858 786 894 uerbum
814 857 891 894 hoc
919 857 1028 904 apud
1053 862 1203 904 patrem
1234 854 1364 901 fuisse,
1393 855 1503 892 deum

97 930 298 971 praeterea
337 923 492 959 uerbum
521 923 657 970 fnisse,
697 924 826 959 omnia
862 928 940 971 per
971 922 1095 969 ipsum
1122 920 1235 969 facta
1273 933 1368 958 esse.
1433 921 1503 958 sed

97 987 204 1025 enim
226 988 302 1025 hoc
325 988 479 1024 uerbum
505 1001 593 1025 caro
604 987 755 1035 factum
775 992 838 1032 est,
861 992 896 1023 el
914 985 1106 1023 habitam?
1124 985 1163 1022 ῑή
1186 985 1298 1030 nobis,
1323 985 1503 1024 Christus

96 1052 245 1090 scilicet
263 1052 364 1089 filius
386 1052 474 1099 dei;
505 1065 634 1101 quem,
654 1053 750 1090 dum
767 1060 804 1090 et
826 1051 1083 1101 postmodum
1105 1051 1324 1087 secundum
1343 1064 1501 1089 carnem

97 1116 301 1154 hominem
317 1116 545 1166 accipimus,
562 1124 599 1154 et
615 1124 707 1154 ante
724 1116 863 1154 mundi
884 1116 1172 1154 institutionem
1194 1114 1259 1153 dei
1280 1116 1446 1153 uerbum
1463 1124 1501 1154 et

95 1183 217 1220 deum
240 1181 434 1226 uidemus,
456 1181 595 1219 merito
617 1182 837 1219 secundum
858 1180 1147 1219 institutionem
1174 1179 1316 1218 ueteris
1344 1188 1381 1218 et
1406 1180 1501 1218 noui

95 1247 321 1285 testamenti
349 1256 387 1285 et
414 1248 535 1285 deum
561 1254 598 1285 et
624 1246 827 1284 hominem
850 1246 1052 1285 Christum
1083 1247 1214 1284 Iesum
1238 1253 1276 1284 et
1303 1246 1500 1284 credimus

95 1322 133 1351 et
156 1322 346 1351 tenemus.
576 1312 578 1314 ’

178 1378 287 1427 Quid
314 1378 344 1416 si
366 1378 472 1416 idem
496 1380 657 1427 Moyses
677 1376 893 1415 introducit
918 1376 1117 1414 dicentem
1139 1378 1258 1415 deum
1277 1392 1283 1413 :
1301 1377 1501 1425 faciamus

93 1444 280 1482 hominem
311 1445 366 1481 ad
391 1444 592 1492 imaginem
622 1449 658 1480 εἴ
685 1443 974 1480 52'771272‘tud2'71em
1006 1448 1200 1488 nostramg
1239 1450 1276 1480 et
1312 1442 1432 1480 infra:
1467 1448 1502 1479 et

80 1508 177 1556 fecit
215 1510 306 1546 deus
343 1509 543 1554 hominem,
580 1509 634 1545 ad
666 1509 869 1556 imaginem
910 1508 971 1544 dei
993 1508 1090 1555 fecit
1127 1509 1249 1554 illum,
1291 1509 1497 1544 masculum

92 1575 128 1607 et
153 1570 347 1618 feminam
377 1571 473 1618 fecit
507 1572 593 1608 eos?
651 1569 692 1616 si,
734 1578 776 1607 ut
815 1569 891 1607 iam
932 1569 1152 1615 docuimus,
1195 1569 1258 1607 dei
1298 1569 1399 1607 filius
1440 1577 1498 1607 est

95 1648 163 1685 per
198 1648 317 1684 quem
353 1636 455 1672 facta
489 1642 579 1673 sunt
614 1634 758 1682 onmia,
793 1635 926 1684 utique
962 1635 1024 1673 dei
1055 1635 1156 1672 filius
1188 1643 1246 1673 est
1277 1648 1344 1684 per
1378 1648 1497 1684 quem

93 1700 212 1738 etiam
249 1701 370 1738 homo
404 1699 604 1738 institutus
639 1708 707 1747 est,
744 1708 903 1750 propter
937 1713 1055 1749 quem
1091 1701 1192 1738 facta
1226 1708 1316 1738 sunt
1350 1701 1494 1738 onmia.

92 1766 163 1803 sed
194 1764 299 1803 enim
334 1765 410 1802 deo
445 1764 711 1814 praecipiente
746 1773 787 1802 ut
822 1765 943 1802 homo
979 1765 1056 1810 fiat,
1093 1766 1191 1802 deus
1222 1766 1382 1803 refertur
1411 1778 1497 1803 esse

90 1829 157 1879 qui
188 1829 389 1867 hominem
422 1829 534 1867 facit:
566 1829 657 1866 facit
688 1836 820 1866 autem
852 1828 1053 1866 hominem
1086 1828 1150 1866 dei
1185 1829 1297 1876 filius,
1329 1829 1494 1867 uerbum

828 1935 936 1966 works
960 1935 1079 1965 should
1105 1936 1145 1965 be
1171 1936 1290 1966 made.'

875 1989 923 2018 13.
969 1980 1205 2017 postmodum]
1243 1980 1293 2010 sc(
1322 1980 1403 2010 after
1442 1981 1496 2012 the

828 2022 1059 2052 Incarnation:
1094 2023 1126 2052 in
1155 2023 1242 2058 xxxi,
1272 2034 1304 2064 p.
1338 2025 1396 2054 118
1425 2023 1446 2053 l.
1479 2035 1493 2064 7

829 2065 884 2095 the
909 2065 999 2095 word
1024 2065 1082 2095 has
1108 2065 1162 2095 the
1186 2076 1275 2096 same
1300 2067 1475 2098 reference.

874 2118 922 2147 15.
969 2110 1244 2147 institutionem]
1260 2110 1493 2147 ‘instructions

825 2151 882 2181 but
908 2151 939 2181 in
965 2151 984 2181 l.
1009 2162 1045 2190 14
1064 2152 1332 2192 ‘inauguratioffl
1357 2164 1394 2183 or
1419 2154 1492 2184 ‘be-

823 2195 998 2235 ginning':
1026 2205 1076 2236 cp.
1101 2195 1133 2225 iii
1160 2207 1169 2226 1
1195 2202 1282 2226 note.
1330 2197 1403 2227 The
1428 2203 1493 2227 two

823 2248 933 2268 senses
957 2248 1011 2268 are
1036 2245 1093 2268 not
1118 2238 1165 2268 far
1189 2245 1293 2279 apart.

872 2282 918 2311 18.
969 2281 1053 2311 Gen.
1080 2282 1158 2315 i26.
1182 2292 1232 2321 27.
1280 2283 1375 2323 Vulg.
1398 2283 1492 2314 reads

137 1946 163 1966 1.
208 1936 261 1975 Jo.
280 1937 288 1965 i
307 1946 335 1975 3.

136 1989 163 2009 2.
209 1979 260 2009 Ps.
279 1979 344 2009 xliv
363 1989 378 2009 2
401 1978 466 2017 (xlv
484 1978 522 2017 Ι).
557 1978 619 2010 See
637 1979 754 2015 above,

88 2022 145 2052 xiii
163 2032 195 2062 p.
214 2032 266 2060 42.
292 2032 328 2052 10
345 2022 424 2052 with
448 2027 533 2052 note.

133 2065 161 2096 6.
222 2066 252 2096 It
289 2065 315 2096 is
355 2070 412 2095 not
452 2075 529 2105 easy
566 2071 599 2095 to
640 2065 756 2095 decide

90 2108 237 2139 whether
260 2109 304 2138 N.
327 2109 392 2138 had
414 2119 450 2138 or
471 2108 536 2138 had
561 2114 618 2138 not
644 2107 756 2138 before

88 2152 138 2182 his
150 2152 240 2182 mind
248 2151 303 2182 the
314 2151 561 2192 interpretation
573 2151 608 2181 of
617 2151 756 2181 Genesis

86 2195 97 2225 i
121 2206 146 2232 1,
174 2195 282 2225 which
304 2205 443 2235 appears
468 2195 590 2235 largely
614 2194 647 2224 in
672 2195 755 2224 later

89 2238 188 2269 Latin
216 2238 352 2272 writers,
383 2239 425 2278 by
450 2237 557 2268 which
586 2238 638 2268 ‘in
666 2238 754 2278 prin-

87 2282 175 2322 cipio
189 2281 196 2295 ’
215 2283 260 2317 (ἐν
275 2279 372 2321 ἀρχῇ)
388 2281 414 2311 i>-
427 2281 523 2311 made
540 2286 573 2311 to
590 2291 685 2311 mean
705 2281 754 2311 ‘in

89 2325 144 2356 the
177 2325 329 2365 persona]
364 2325 479 2361 Word,
520 2325 595 2354 who
635 2324 660 2354 is
700 2324 754 2354 the

88 2368 297 2409 Beginning.'
338 2368 400 2398 See
418 2368 467 2398 sor
483 2378 533 2398 ex.
552 2368 636 2407 Aug.
658 2367 754 2408 Conf.

87 2411 118 2442 xi
141 2422 189 2447 11,
208 2411 287 2441 with
306 2411 354 2441 Dr
371 2411 489 2442 Gibb's
506 2417 594 2441 note.

129 2455 169 2485 ib.
232 2456 288 2485 cui
333 2456 623 2491 praeciperentur
667 2455 754 2484 haec

85 2505 193 2534 opera
208 2501 250 2529 ut
265 2498 402 2536 fierent]
428 2502 490 2528 ‘on
508 2497 617 2527 whom
635 2507 702 2527 was
720 2503 754 2527 to

84 2541 125 2571 be
164 2541 230 2571 laid
263 2541 317 2572 the
348 2541 525 2571 command
561 2540 629 2571 that
663 2540 753 2571 these

825 2324 857 2354 in
874 2335 904 2354 v.
925 2334 963 2363 27
986 2324 1137 2355 ‘creauit’
1157 2325 1205 2355 for
1223 2326 1338 2356 ‘secit.'

869 2378 919 2407 23·
967 2368 1040 2398 The
1061 2374 1233 2408 argument
1258 2375 1349 2400 turns
1371 2380 1415 2400 on
1436 2370 1492 2401 the

823 2411 1027 2451 assumption
1060 2411 1129 2442 that
1166 2412 1221 2443 the
1261 2416 1267 2428 ‘
1281 2413 1357 2444 God
1370 2413 1376 2425 '
1417 2413 1492 2443 who

824 2455 920 2484 made
944 2464 1021 2484 man
1044 2457 1069 2485 is
1089 2455 1146 2485 the
1169 2466 1289 2496 person
1312 2457 1491 2488 addressed

824 2497 920 2527 when
940 2500 946 2513 ‘
961 2497 1054 2528 God’
1072 2499 1141 2529 said
1161 2499 1243 2530 ‘Let
1260 2509 1297 2530 us
1314 2499 1436 2531 make.'

1529 536 1546 572 5

1529 866 1574 890 ΙΟ

1526 1186 1568 1224 ῐ5

1521 1517 1568 1540 20

1520 1838 1564 1876 25
